2084 3404
93 139 125 188 54
318 135 356 184 M.
373 124 501 183 TULLII
524 128 713 181 CICERONIS

92 217 269 281 delectantur,
281 219 311 271 et
322 216 342 270 ii
355 216 403 286 qui
414 232 493 270 suum
507 212 647 283 negotium
662 215 762 282 geumt
776 211 863 280 otiosi,
879 227 940 281 pos-

92 296 181 345 tremo
203 293 293 362 iiqui
317 310 346 347 se
369 296 443 346 totos
466 291 641 344 tradideumt
664 289 857 358 voluptatibus,
882 290 940 343 sine

92 368 211 422 amicitia
229 370 314 423 vitam
328 385 387 422 esse
405 367 512 431 nullam
532 366 555 419 si
578 365 659 419 modo
683 366 767 419 velint
790 367 882 433 aliqua
905 383 940 418 ex

92 450 172 514 parte
192 444 343 498 liberaliter
361 444 458 496 rivere.
494 447 534 499 87.
558 441 650 510 Serpit
674 442 745 495 enim
765 442 854 495 neseio
875 458 940 509 quo-

92 521 172 575 modo
197 537 249 588 per
277 519 396 572 omnium
419 519 489 571 ritas
513 517 639 584 amicitia,
654 535 713 571 nec
736 518 818 570 ullam
842 518 941 571 aetatis

92 597 234 664 degendae
257 594 390 648 rationem
413 595 519 662 patitur
539 609 598 648 esse
619 597 761 662 expertem
784 595 833 647 sui.
847 595 941 659 :Quin

92 671 214 725 etiamsi
231 669 457 738 quisasperitate
477 685 509 722 ea
528 672 570 722 est
591 671 620 722 et
638 669 809 722 immanitate
827 675 941 724 naturae

92 763 251 815 congressus
274 748 306 798 ut
330 743 468 798 hominum
492 745 580 812 fugiat
604 748 689 812 atque
712 745 809 809 oderit,
834 747 941 815 qualem

91 823 173 875 fuisse
186 821 304 874 Athenis
317 820 456 874 Timonem
468 821 557 874 neseio
574 837 656 889 quem
672 821 831 889 accepimus,
850 827 940 876 ιιιιιιοιι

91 899 115 949 is
128 898 185 965 pati
198 914 252 951 non
263 897 350 966 possit
361 900 394 950 ut
411 912 465 949 non
486 897 614 965 anquirat
628 896 747 964 aliquem
765 898 839 964 apud
861 915 941 966 quem

92 976 199 1026 cuonrat
215 973 289 1026 virus
307 972 465 1026 acerbitatis
480 989 551 1027 suae.
587 973 682 1040 Atque
697 972 749 1025 hoe
768 973 885 1026 maxime
898 975 942 1039 ju-

92 1049 236 1116 dicaretur,
260 1049 283 1104 si
301 1049 367 1118 quid
383 1049 439 1103 tale
454 1052 547 1119 posset
558 1051 714 1117 contingere
730 1053 763 1102 ut
781 1049 878 1117 aliquis
893 1066 942 1103 nos

92 1125 160 1179 deus
172 1143 206 1180 cx
218 1126 269 1181 hac
280 1125 419 1179 hominum
431 1126 586 1194 frequentia
597 1126 708 1180 tolleret
720 1131 749 1181 ot
757 1127 785 1179 in
798 1125 942 1180 solitudine

92 1202 198 1270 uspiam
209 1203 359 1269 collocaret,
373 1206 456 1271 atque
467 1203 505 1256 ibi
523 1204 699 1274 suppeditans
715 1204 835 1257 omnium
851 1219 943 1257 remum

95 1294 161 1344 quas
173 1282 272 1332 natura
285 1278 424 1332 desiderat
441 1278 636 1334 abundantiam
657 1283 686 1334 et
705 1281 808 1348 copiam
828 1280 943 1333 hominis

93 1354 201 1406 omnino
213 1354 381 1422 adspiciendi
392 1359 557 1423 potestatem
571 1358 697 1424 eriperet.
734 1355 800 1418 Quis
807 1359 864 1408 tam
872 1358 943 1407 esset

92 1429 197 1481 ferreus
210 1430 258 1496 qui
270 1446 330 1483 eam
343 1430 427 1483 vitam
439 1432 511 1484 ferre
527 1435 627 1499 posset,
641 1432 738 1499 cuique
753 1446 807 1483 non
823 1430 944 1481 auferret
1015 1474 1019 1484 .

93 1502 214 1556 fructum
237 1503 408 1571 voluptatum
437 1506 556 1558 omnium
587 1504 726 1559 solitudol
771 1510 811 1558 88.
838 1503 943 1556 Verum

94 1594 159 1644 ergo
172 1577 240 1630 illud
252 1581 295 1632 est
307 1578 380 1646 quod
392 1595 409 1631 a
419 1580 564 1633 Tarentino
577 1578 706 1648 Archyta,
724 1583 756 1633 ut
772 1580 874 1648 opinor,
889 1578 943 1631 diei

96 1653 211 1718 solitum,
234 1657 343 1706 nostros
366 1670 445 1707 senes
468 1671 679 1708 commemorare
708 1655 800 1708 audiri
824 1654 859 1708 ab
883 1653 943 1706 aliis

94 1728 204 1782 senibus
211 1727 350 1782 auditum:
364 1728 386 1781 si
397 1730 458 1797 quis
469 1730 497 1783 in
509 1730 613 1784 eaelum
625 1729 794 1784 ascendisset
805 1734 944 1784 naturam-

93 1821 147 1872 que
170 1803 265 1858 muudi
295 1808 325 1859 ct
345 1805 574 1874 pulchritudinem
599 1805 720 1860 siderum
750 1806 942 1876 perspexisset,

93 1881 232 1934 insuavem
256 1881 331 1935 illam
359 1882 567 1937 admirationem
598 1882 624 1936 ei
653 1883 718 1949 iore,
751 1900 822 1952 quac
845 1882 941 1951 jucun·

93 1956 204 2009 dissime
215 1956 312 2010 fuisset
328 1957 351 2010 si
370 1957 488 2026 aliquem
507 1958 550 2012 eui
570 1962 695 2013 narraret
716 1959 863 2013 habuisset
899 1959 943 2014 Sic

92 2035 190 2085 natura
214 2032 363 2087 solitarium
387 2033 454 2086 nihil
477 2037 559 2101 amat,
583 2050 745 2122 semperque
769 2035 804 2088 ad
829 2034 944 2123 aliquod

92 2112 233 2177 tamquam
256 2107 448 2162 adminiculum
472 2111 534 2162 anni
536 2110 612 2178 titur,
633 2110 738 2178 quod
730 2127 759 2163 1n
783 2111 944 2164 amicissimo

94 2183 461 2254 quoquedulcissimumest.
618 2231 621 2234 ⁴

145 2261 252 2315 XXIV.
270 2261 325 2316 Sed
343 2279 427 2330 quum
441 2262 516 2317 tot
496 2263 579 2331 signis
595 2263 756 2317 eademt
708 2267 756 2317 nat
756 2280 806 2317 ura
823 2264 943 2318 declaret

94 2338 162 2405 quid
186 2338 258 2403 velit,
282 2340 415 2408 anquirat,
439 2338 585 2405 desideret,
610 2338 828 2394 obsurdescimus
851 2345 944 2393 tamen

94 2414 184 2466 nescio
196 2415 339 2482 quomodo,
352 2432 402 2469 nee
414 2432 447 2469 ea
459 2432 530 2484 quae
547 2415 582 2468 ab
598 2432 632 2469 ea
650 2432 792 2469 monemur
810 2416 943 2469 audimus.

96 2488 144 2539 Est
158 2488 230 2540 enim
243 2489 333 2541 varius
349 2494 378 2544 et
394 2491 538 2559 multiplex
553 2507 619 2544 usus
635 2491 775 2557 amicitiae,
787 2491 943 2559 multaeque

93 2577 191 2614 causae
210 2564 393 2630 suspicionum
413 2566 645 2634 offensionumque
666 2566 774 2633 dantur,
797 2582 864 2632 quas
883 2569 943 2618 tum

94 2637 197 2690 evitare
209 2640 268 2690 tumr
287 2639 395 2693 elevare
413 2644 474 2693 tum
492 2642 565 2694 ferre
583 2642 713 2710 sapientis
730 2645 780 2694 est.
817 2641 879 2693 Una
897 2639 943 2692 illa

94 2712 261 2766 sublevanda
272 2713 382 2767 offensio
395 2718 445 2781 est,
458 2719 491 2768 ut
502 2718 531 2768 et
543 2715 648 2769 utilitas
660 2717 688 2768 in
697 2715 817 2769 amicitia
828 2718 858 2768 et
873 2715 943 2769 fides

94 2790 262 2854 retineatur3
278 2805 341 2843 nam
357 2794 387 2845 et
402 2790 529 2844 monendi
542 2791 621 2845 amici
638 2807 718 2860 saepe
730 2794 795 2846 sunt
808 2795 837 2845 et
852 2790 943 2859 objur-

94 2867 194 2933 gandi3
213 2867 242 2919 et
262 2866 329 2920 haec
344 2866 501 2935 accipienda
517 2866 602 2920 amice
620 2883 705 2934 quum
718 2867 849 2922 benevole
866 2868 944 2923 fiunt.

91 2947 133 2993 89
152 2941 209 2994 Sed
232 2941 325 2996 nescio
349 2942 484 3011 quomodo
504 2959 598 2996 verum
622 2946 665 2996 est
689 2943 790 3011 quod
782 2960 811 2996 ιιι
836 2943 944 2998 Andria

16 3049 22 3059 .
72 3012 316 3074 sammarismeus
328 3019 414 3077 dicit:

123 3128 124 3132 =
226 3094 392 3162 Obsequium
403 3101 513 3166 amicos,
526 3105 626 3152 veritas
637 3099 725 3150 octium
733 3096 832 3162 parit.

40 3152 179 3223 Molesta
194 3177 313 3248 rer-itas,
329 3184 496 3256 siquidem
515 3204 557 3243 ex
575 3202 614 3243 ea
630 3181 761 3240 nascitur
782 3174 940 3232 odium
910 3164 991 3232 <quau
