2084 3404
92 111 123 160 aa
317 100 358 163 m
373 111 502 163 rosan
520 111 706 160 crcuaoms
736 88 740 134 ἶ

281 229 321 277 aa.
356 219 484 276 crosae
500 225 707 276 commercio
725 224 750 275 s.
768 206 771 211 ’

354 310 465 392 (rusti.
500 340 526 376 A.
540 339 564 375 u,
578 339 599 374 a.
615 326 681 387 710.)

91 407 153 462 Sex.
171 405 301 460 Aufidius
320 411 349 460 ct
366 405 541 459 observantia
559 407 622 473 qua‘
633 421 678 458 me
696 404 761 458 colit
779 402 887 457 accedit
905 402 943 458 ad

91 482 238 551 proximos,
262 485 291 535 et
313 480 459 548 splendore
483 480 572 549 equiti
592 481 715 534 Romano
738 479 840 533 nemini
860 479 943 533 cedit

92 559 144 612 Est
155 561 247 611 autem
259 557 300 611 ita
310 556 472 625 temperatis
484 556 689 625 moderatisque
698 555 820 608 moribus
831 558 863 608 ut
873 571 944 607 sum·

91 651 137 687 ma
148 633 281 687 severitas
296 649 401 685 summa
418 649 481 688 cum
494 633 667 699 humanitate
680 632 822 700 jungatur.
858 630 944 698 Cujms

72 706 76 713 ’
91 710 143 764 tibi
156 709 267 776 negotia
278 725 348 777 quae
361 712 426 763 sunt
437 709 467 762 in
480 709 575 762 Africa
583 710 624 762 ita
632 708 791 762 commendo
799 688 832 760 ul
840 706 945 775 majore

93 786 185 840 studio
197 785 317 852 magisve
330 801 365 837 cx
376 787 466 838 animo
479 785 671 839 commendare
682 801 735 838 non
744 784 854 852 possim.
878 784 945 836 Pcr-

92 864 203 929 gratum
220 861 287 913 mihi
306 861 411 928 feceris,
424 861 448 915 si
465 861 577 915 dederis
595 877 705 931 operam
722 863 754 913 ut
769 861 793 913 is
808 859 946 931 intelligat

93 954 168 990 incas
184 937 257 1005 apud
274 940 303 990 te
317 937 411 990 literas
425 937 574 991 maximum
588 937 695 1005 pondus
710 935 847 989 habuisse.
883 934 946 989 Hoc

94 1017 124 1067 te
135 1013 319 1080 vehementer,
332 1014 370 1066 mi
384 1013 519 1080 Cornifici,
531 1005 605 1081 ‘rogo

115 1131 117 1137 '
155 1151 193 1198 24.
229 1150 357 1199 cranao
373 1151 398 1199 s.
417 1151 449 1199 1).
469 1150 674 1219 coanimare
691 1147 902 1198 conuscat..
966 1102 972 1115 ⁸

323 1245 325 1250 ’
355 1248 414 1312 (ru.
430 1248 470 1300 17.
505 1261 531 1297 A.
545 1261 570 1298 n.
584 1229 687 1310 c.'709.)

96 1328 183 1380 Grata
201 1326 269 1380 mihi
287 1328 467 1381 vehementer
485 1330 528 1381 est
547 1326 679 1385 memoria
696 1324 786 1380 nostri
802 1328 851 1378 tua
865 1338 948 1392 quam

97 1402 256 1470 significasti
274 1403 377 1468 literis;
395 1419 477 1472 quam
495 1405 528 1456 ut
545 1418 695 1468 conserves,
707 1417 761 1454 non
777 1416 832 1469 quo
848 1399 884 1453 de
899 1402 949 1452 tua

96 1479 249 1532 constantia
264 1477 388 1532 dubitem
405 1478 455 1531 scd
471 1478 535 1546 quia
549 1495 607 1531 mos
622 1481 668 1552 ¹est
683 1478 724 1530 ita
739 1475 862 1545 rogandi,
874 1491 948 1542 rogo.

97 1554 139 1606 Ex
158 1554 237 1622 Syria
256 1553 334 1606 nobis
354 1553 565 1607 tumultuosiora
579 1549 715 1622 quaedam
731 1552 856 1607 nuntiata
870 1555 950 1616 sunt;
1009 1550 1014 1557 ”

97 1646 175 1697 quae,
190 1629 253 1695 quia
265 1628 316 1681 tibi
329 1633 394 1682 sunt
405 1628 532 1697 propiora
548 1645 630 1697 quam
645 1629 731 1696 nobis,
743 1632 792 1692 tua
807 1644 852 1682 mc
868 1634 950 1680 causa

98 1705 184 1771 magis
196 1707 307 1756 movent
322 1720 403 1771 quam
419 1721 486 1757 mca.
525 1705 628 1759 Itomae
646 1722 781 1758 summum
797 1705 883 1758 otium
898 1706 949 1771 cst,

98 1779 147 1833 sed
160 1781 199 1832 ita
212 1781 243 1832 ut
256 1779 335 1832 malis
348 1779 456 1832 salubre
468 1781 579 1849 aliquod
594 1786 622 1834 ct
636 1781 782 1834 honestum
798 1780 951 1847 negotium:

98 1856 173 1924 quod
186 1872 266 1924 spero
278 1856 342 1910 foro.
367 1856 457 1910 Video
468 1857 498 1910 id
510 1874 591 1910 curae
604 1874 664 1910 cssc
674 1857 791 1910 Caesari.
804 1857 862 1925 ¹Mo
874 1855 960 1923 scito,'

99 1934 164 1986 dum
182 1936 214 1986 tu
232 1932 404 2000 absia-quasi
422 1934 590 1986 occasionem
610 1928 747 2003 quandam
765 1937 794 1986 ct
812 1932 951 1986 licentiam

99 2011 209 2062 nactum
229 2007 348 2061 scribere
372 2008 517 2074 audacius;
540 2012 569 2062 ct
593 2012 685 2063 cetera
705 2008 815 2076 quidem
834 2009 952 2062 fortasse

99 2101 170 2153 quae
183 2084 265 2138 ctiam
278 2087 310 2137 tu
321 2086 498 2138 concederes:
517 2086 567 2140 sed
580 2086 703 2154 proxime
720 2084 816 2152 scripsi
829 2084 864 2137 de
882 2084 952 2151 opti-

100 2177 143 2212 mo
164 2177 264 2228 genere
284 2160 400 2227 dicendi,
420 2161 448 2214 in
465 2178 518 2231 quo
537 2178 618 2229 saepe
638 2161 791 2229 suspicatus
809 2175 869 2213 sum
889 2163 953 2214 tea

98 2237 201 2304 ,judicio
220 2240 321 2304 nostro,
338 2238 376 2292 sic
396 2238 499 2293 scilicet
518 2242 550 2292 ut
567 2239 677 2291 doctum
693 2236 830 2297 hominem
847 2235 882 2290 ab
898 2252 953 2290 uon

100 2313 221 2379 indocto,¹
238 2314 388 2381 paullulum
409 2315 550 2368 dissidcrcss
589 2314 661 2367 Iluic
685 2319 717 2368 tu
741 2313 811 2367 libro
835 2313 953 2367 maxime

101 2390 182 2443 veiim
206 2406 241 2442 ex
265 2391 363 2457 animo,
389 2391 411 2444 si
435 2392 532 2459 minus,
557 2392 663 2458 gratiae
691 2407 772 2444 causa
785 2389 952 2456 suffragare.

102 2465 199 2517 Dicam
206 2466 263 2518 tuis
272 2470 305 2520 ut
315 2484 385 2534 cum,
394 2468 416 2519 si
426 2467 518 2535 velint,
529 2467 687 2521 describant
696 2467 732 2520 ad
740 2471 825 2533 teque
834 2466 954 2518 mittant.

103 2540 175 2592 Puto
194 2541 272 2607 enim,
286 2542 393 2594 etiamsi
412 2559 470 2595 rem
489 2543 579 2595 minus
597 2543 838 2612 probabis,tan1en
856 2541 885 2592 in
901 2541 955 2592 ista

103 2615 249 2668 solitudine
269 2614 404 2684 quidquid
424 2635 440 2669 a
455 2634 499 2670 mo
513 2619 667 2686 profectum
684 2619 721 2672 sit
734 2616 886 2685 jucundum
903 2615 954 2668 tibi

102 2692 175 2745 foro.¹
205 2690 285 2754 Quod
304 2693 371 2745 mihi
394 2693 623 2747 existimationem
642 2691 955 2760 tuam'dignitatcmquc

103 2767 283 2835 commendas,
296 2769 363 2821 facis
381 2774 413 2822 tu
431 2770 542 2836 quidem
561 2771 681 2826 omnium
699 2785 789 2834 morc;
807 2767 856 2820 sed
875 2767 956 2820 velim

104 2846 143 2900 sic
155 2845 301 2909 existimes
313 2863 357 2899 me
374 2862 457 2914 quum
474 2846 559 2899 amori
577 2859 658 2913 quem
674 2846 748 2898 inter
766 2861 815 2897 nos
829 2847 956 2896 mutuum

105 2940 165 2976 csse
183 2923 334 2991 intelligam
352 2923 500 2992 plurimum
519 2921 647 2989 tribuam,
660 2925 719 2974 tum
739 2922 774 2974 de
793 2937 899 2974 summo
916 2920 956 2974 in·

85 2997 178 3076 gemo
193 3002 223 3050 et
242 2999 279 3054 do
293 3001 398 3056 studiis
416 3000 473 3058 tuis
490 2999 604 3072 optimis
618 3001 648 3054 et
662 2998 698 3052 de
711 3014 760 3066 spe
775 2997 959 3064 amplissimae

68 3065 231 3185 ffimms
240 3077 281 3131 ita
287 3078 429 3148 judicare
441 3085 474 3139 ut
486 3079 633 3138 nominem
642 3075 701 3133 tibi
713 3077 895 3144 anteponam,
903 3084 976 3120 com-

116 3153 297 3213 cmpaucos.
725 3179 728 3186 ν
991 3150 994 3158 “
