2084 3404
293 131 548 180 EPISTOLARUM
565 131 667 180 LIBRI
684 132 765 183 DUO.
926 137 955 182 99

103 212 227 283 probetis
244 229 277 266 oa
292 227 363 280 quae
377 211 452 281 apud
467 211 617 265 Corfinium
634 213 698 264 sunt
715 213 801 278 gesta.
836 211 954 267 Consilio

60 308 67 321 ·
103 293 195 344 vestro
211 293 275 342 utar
291 287 417 355 libenter,
430 291 459 341 et
476 285 527 340 hoo
544 286 675 340 libentius
692 285 766 355 quod
781 302 842 341 mea
858 293 954 357 sponte

102 361 399 430 faeereeonstitueram
411 367 444 417 ut
457 381 539 433 quam
552 363 718 416 lenissimum
729 378 773 415 me
785 362 953 432 praeberem,

103 443 134 494 et
150 440 311 509 Pompeium
324 439 425 494 darem·
436 456 548 510 operam
563 442 596 492 ut
612 438 822 493 reconciliarem.
858 438 954 494 'lente-

103 533 164 570 mus
179 516 231 570 hoo
247 517 327 570 modo
345 517 367 570 si
385 534 528 587 possumus
543 516 664 570 omnium
675 515 830 569 uoluntates
842 532 953 584 reeupe-

103 608 165 646 rare
177 596 207 647 et
219 592 348 647 diuturna
356 594 471 647 victoria
483 594 531 661 uti,
540 592 667 661 quoniam
679 591 778 661 reliqui
790 592 952 645 erudelitate

103 668 196 722 odium
215 670 334 738 effugere
352 687 406 724 non
424 673 574 739 potuerunt
592 668 835 738 nequevioboriam
851 668 952 722 diutius

103 747 206 812 tenere,
225 751 336 815 praeter
354 764 437 801 unum
456 748 485 800 L.
505 747 607 801 Sullam
625 762 707 815 quem
724 745 952 801 imitaturus'non

102 837 170 875 sum.
207 823 285 876 Haeo
301 838 371 876 nova
387 823 423 876 sit
444 823 514 876 ratio
530 823 655 876 uincendi
673 826 705 877 ut
721 821 908 876 misericordia
923 826 952 876 et

102 895 268 952 liberalitate
294 916 344 952 nos
372 899 530 952 muniamus.
569 899 602 951 ld
633 899 861 966 quemadmodum
891 898 951 953 fieri

102 974 189 1040 possit
212 975 340 1029 nonnulla
360 974 427 1027 mihi
445 975 474 1027 in
492 977 612 1027 mentem
631 975 743 1028 veniunt
761 979 790 1028 et
807 977 894 1029 multa
911 993 952 1028 ro-

103 1048 187 1114 periri
204 1054 327 1117 possunt.
355 1051 405 1103 'De
417 1050 462 1103 his
473 1049 556 1102 rebus
571 1065 697 1117 rogovos
712 1053 744 1103 ut
759 1051 950 1118 cogitationem

103 1125 264 1192 suscipiatis.

156 1200 189 1252 N.
210 1199 333 1266 Magium
353 1201 475 1268 Pompeii
493 1200 661 1269 praefectum
683 1199 858 1268 deprehendi.
896 1201 962 1254 Sei--

103 1274 167 1327 lioot
180 1290 241 1326 meo
252 1275 380 1329 inst‘tuto
392 1291 457 1328 usus
469 1293 528 1328 sum
543 1280 571 1329 et
587 1292 650 1329 eum
663 1276 756 1328 statim
768 1275 879 1328 missum
892 1277 950 1334 feei.

103 1350 122 1402 J
124 1366 167 1402 arn
181 1349 235 1402 duo
246 1350 498 1419 praefectifabrum
512 1351 634 1420 Pompeii
646 1351 673 1404 in
685 1368 774 1404 meam
786 1354 951 1420 potestatem

103 1431 236 1479 venerunt
252 1430 281 1480 et
295 1443 312 1480 a
328 1443 372 1481 me
388 1427 464 1480 missi
480 1431 550 1482 sunt.
587 1427 616 1482 Si
628 1428 720 1481 volent
736 1429 809 1497 grati
826 1445 892 1498 esee,
905 1431 952 1485 do-

103 1498 210 1554 bebunt
231 1501 390 1571 Pompeium
411 1504 515 1558 hortari
535 1508 567 1558 ut
585 1505 663 1558 malit
683 1505 750 1558 milri
770 1522 830 1561 esso
850 1508 952 1562 amicus

104 1593 186 1645 quam
198 1578 231 1632 iis
245 1579 291 1648 qui
304 1583 334 1633 et
345 1579 384 1633 illi
397 1580 504 1634 etmihi
517 1597 624 1650 semper
636 1581 747 1638 fuorunt
760 1583 951 1645 inimicissimi;

104 1668 219 1720 quorum
243 1656 365 1709 artificiis
389 1657 516 1710 effectum
535 1662 579 1711 est
597 1660 630 1710 ut
648 1675 692 1711 res
710 1659 819 1727 publica
835 1661 863 1713 in
881 1661 950 1712 hune

104 1729 207 1782 statum
220 1731 382 1798 perveniret.

208 1865 230 1911 o.
263 1863 392 1910 breuno
410 1863 486 1911 uun.
506 1863 529 1911 S.
549 1863 580 1910 n.
601 1834 752 1911 elusam
769 1864 846 1915 rur.

267 1945 312 2006 (nn
330 1957 450 2003 anniculi,
470 1957 507 1994 rx.
529 1947 566 1992 11.
602 1959 626 1993 A.
641 1956 666 1994 u,
680 1958 701 1993 c.
721 1946 786 2010 705.)

105 2041 146 2095 Ut
164 2041 217 2108 legi
237 2043 298 2094 tuas
318 2041 412 2094 literas
431 2057 498 2109 quae
517 2058 534 2093 a
558 2040 661 2093 Furnio
680 2043 774 2094 nostro
794 2058 951 2112 aoeeporam

105 2117 204 2186 quibus
218 2128 324 2171 meeum
343 2117 442 2184 agebas
460 2119 492 2170 ut
510 2117 546 2171 ad
558 2117 654 2170 urbem
672 2134 768 2182 essem,
781 2119 810 2170 te
824 2119 893 2172 velle
910 2121 952 2172 uti

105 2193 214 2246 oonsilio
238 2196 267 2246 et
288 2193 424 2260 dignitate
447 2210 516 2259 mea,
534 2193 624 2244 minus
645 2207 704 2244 sum
728 2190 894 2258 admiratus;
918 2195 953 2247 de

104 2269 194 2335 gratia
217 2272 246 2320 et
265 2268 301 2321 de
320 2285 371 2336 ope
391 2266 645 2341 quid'signifieeres
669 2282 774 2319 meeum
793 2265 852 2334 ipso
871 2285 954 2335 quae-

105 2342 215 2396 rebam:
234 2359 282 2411 epe
299 2346 390 2394 tamen
408 2340 563 2395 deducebar
580 2342 615 2394 ad
634 2358 698 2394 eam·
712 2342 903 2408 cogitationem
922 2351 954 2397 ut

106 2421 135 2471 te
150 2434 200 2486 pro
216 2420 265 2470 tua
280 2417 435 2471 admirabili
447 2434 479 2470 ao
496 2416 625 2485 singurlari
642 2417 775 2486 sapientia
791 2418 827 2471 de
843 2419 906 2486 otio,
919 2421 954 2474 de

105 2509 180 2564 paee,
200 2493 236 2546 do
254 2493 398 2546 eoncordia
416 2493 514 2547 civium
534 2495 578 2562 agi
597 2493 667 2547 velle
686 2493 851 2561 arbitrarer;
874 2499 903 2550 et
918 2497 954 2549 ad

106 2587 167 2624 earn
180 2570 313 2623 rationem
326 2569 516 2625 existimabam
529 2574 596 2625 satis
609 2575 701 2640 aptam
714 2587 775 2624 esso
787 2576 817 2625 et
828 2574 954 2626 naturam

107 2649 136 2700 et
147 2663 290 2715 personam
303 2663 398 2703 meam.
438 2648 517 2713 Quod
529 2649 552 2702 si
564 2648 604 2702 ita
616 2653 667 2717 est,
679 2652 709 2703 et
723 2649 745 2702 si
759 2665 812 2717 qua
827 2649 862 2704 de
876 2649 954 2701 Pom-

106 2723 168 2793 peio
181 2726 275 2776 nostro
288 2725 391 2777 tuendo
404 2730 433 2780 ot
447 2725 499 2779 tibi
514 2743 545 2780 ae
558 2725 599 2779 rei
616 2726 740 2796 publicae
756 2724 954 2778 reconciliando

107 2814 172 2852 eura
183 2801 212 2852 te
224 2799 344 2867 attingit,
357 2801 441 2868 arogis
457 2802 584 2856 idoneum
602 2820 684 2872 quam
702 2819 751 2870 ego
765 2819 824 2854 sum
843 2798 880 2850 ad
894 2815 954 2850 eam

107 2889 216 2927 oausam
232 2877 355 2943 profecto
374 2879 494 2947 reperies
510 2880 664 2945 nominem3
683 2879 730 2947 qui
749 2881 778 2930 et
792 2875 831 2929 illi
846 2890 955 2942 semper

108 2952 138 3002 et
158 2952 264 3005 senatui
284 2971 368 3022 quum
388 2955 506 3023 primum
523 2956 603 3027 potui
622 2954 701 3024 paeie
721 2956 821 3005 auetnn
840 2949 972 3030 {duem-

105 3027 222 3095 arreptis
243 3022 328 3086 armis
356 3030 425 3089 belli
450 3035 542 3091 ullam
565 3034 686 3103 partem
708 3025 822 3090 attium
850 3017 1023 3121 tbi-W&

97 3117 154 3169 (1¹10
177 3119 211 3157 80
237 3105 312 3164 bello
335 3116 368 3168 te
391 3113 496 3170 violari
515 3117 623 3168 eontra
644 3093 1023 3203 eupuebouotffffi‚{{{x„4

87 3172 213 3234 Romani
232 3183 377 3246 beneficio
396 3208 577 3248 eoncessum
591 3181 719 3242 inimie'x
735 3179 837 3259 atnoe·
851 3172 924 3246 W*
940 3203 955 3244 η
971 3211 989 3248 ·.
