2084 3404
267 137 358 190 CATO
375 139 507 188 MAJOR.
542 139 618 188 cAP.
636 139 698 186 XX.
716 138 796 187 XXI.
923 141 955 188 25

109 218 160 276 bus
168 216 229 278 suis
239 216 382 278 obstruere
395 221 547 287 voluerunt,
566 237 620 273 non
638 235 717 272 avum
734 223 812 273 tuum
831 219 861 273 L.
875 219 954 274 Panl-

109 301 164 352 l'um
171 297 224 367 'qui
236 301 324 352 morte
335 298 387 351 luit
397 295 516 364 collegae
527 295 556 348 in
569 294 702 348 Cannensi
714 295 861 362 ignominia
872 298 955 350 teme-

108 376 228 441 ritatem,
239 390 293 427 non
306 373 345 425 M.
358 371 518 425 Marcellum
534 369 611 438 cujus
625 370 767 423 interitum
780 387 814 424 ne
826 371 955 424 crudelis-

108 449 192 502 simus
211 448 323 517 quidem
343 446 428 501 hostis
448 446 550 500 honore
569 445 726 514 sepulturae
744 461 839 500 carere
858 463 954 514 passus

107 528 161 590 cst*
171 524 220 578 sad
232 519 354 592 legiones
369 526 483 589 nostras,
497 521 572 590 quod
583 520 677 590 scripsi
695 521 724 573 in
743 520 908 589 Originibus,
926 523 953 574 in

106 615 170 651 eum
182 615 263 668 saepe
274 599 363 652 locum
375 598 509 666 profectas
522 597 603 650 alacri
620 595 710 650 animo
722 601 753 651 et
764 600 864 665 erecto,
880 598 953 650 unde

105 691 136 728 se
148 672 286 743 nunquam
297 675 435 728 redituras
446 672 652 726 arbitrarentur.
690 671 769 736 Quod
786 673 871 740 igitur
889 673 953 725 ado-

60 794 64 806 .
107 746 333 825 lescentesfetii
350 749 464 818 quidem
487 765 541 801 non
565 748 652 800 solum
676 748 778 802 indocti
800 748 952 802 sedetiam

105 819 200 880 rustici
224 820 406 894 contemnunt,
426 825 456 879 id
473 824 546 878 docti
570 841 648 878 senes
669 824 867 878 extimescant?
910 826 950 881 76.

106 900 228 969 Omnino,
250 905 281 955 ut
300 901 366 955 mihi
387 901 499 970 qruidem
520 899 637 964 videtur,
659 900 812 954 studiorum
832 900 952 954 omnimo

67 1003 69 1005 ·
104 977 217 1031 satietas
237 978 309 1031 vitae
331 977 396 1030 facit
420 977 597 1030 satietatem.
628 976 697 1029 Sunt
719 976 852 1044 puerinse
877 979 953 1029 corta

104 1053 212 1106 studia:
230 1067 296 1105 num
313 1054 397 1120 igitur
414 1069 449 1106 ea
466 1051 624 1104 desiderant
641 1050 847 1105 adolescentesl
882 1051 953 1104 Sunt

105 1122 223 1180 ineuntis
238 1122 456 1180 adolescentiae:
473 1143 539 1179 num
560 1142 593 1178 ea
612 1130 738 1179 constans
755 1126 815 1193 jam
835 1127 952 1194 requirit

104 1205 182 1254 aetas
200 1217 270 1269 quae
288 1201 385 1260 media
396 1200 515 1254 diciturl
551 1199 620 1253 Sunt
638 1200 721 1253 etiam
738 1201 819 1268 hujus
837 1202 952 1256 aetatis:

105 1293 141 1329 ne
158 1292 191 1329 ea
203 1272 504 1344 ’quidem‘quaeruntur
515 1274 543 1326 in
556 1278 704 1328 senectute.
740 1276 809 1328 Sunt
827 1279 952 1330 extrema

103 1351 239 1420 quaedam
256 1345 529 1404 studia'senectutis:
555 1366 621 1417 ergo
638 1355 670 1403 ut
688 1351 858 1418 superiorum
876 1354 951 1405 aeta-

103 1431 164 1480 tum
194 1426 285 1481 studia
302 1425 446 1493 occidunt,
471 1425 509 1478 sie
532 1425 660 1479 occidunt
685 1427 768 1479 etiam
795 1427 950 1480 senectutis.

104 1503 280 1571 erodquum
292 1500 390 1570 evcnit,
403 1500 515 1554 satietas
526 1501 600 1555 vitae
611 1505 720 1570 tempus
732 1505 869 1556 maturum
879 1519 950 1556 mor-

105 1579 141 1630 tis
153 1578 240 1632 affert.
284 1597 298 1615 ⁶·
399 1604 413 1614 ··
435 1610 447 1621 ,.
467 1602 470 1607 >
576 1594 579 1598 ⁴

156 1653 234 1706 XXI.
261 1657 300 1711 77.
320 1653 456 1722 Equidem
467 1671 520 1707 nou
532 1654 612 1708 video
624 1670 672 1708 cur
682 1655 751 1723 quid
762 1655 821 1722 ipse
832 1654 949 1709 sentiam

103 1729 139 1782 de
151 1732 239 1782 morte
251 1725 305 1782 non
317 1729 433 1782 audeam
445 1729 522 1783 vobis
535 1730 633 1796 dicere,
647 1730 721 1798 quod
731 1747 763 1784 eo
775 1730 872 1783 melius
884 1728 949 1783 mihi

102 1820 214 1857 eernere
230 1804 325 1857 videor
335 1804 441 1871 quoab
456 1821 490 1857 ea
505 1805 616 1873 propius
631 1805 734 1859 absum.
771 1806 828 1873 Ego
845 1809 950 1858 vestros

103 1876 205 1946 patres,
219 1879 250 1932 Ρ.·
261 1878 356 1947 Scipio,
369 1879 455 1947 tuque
472 1880 500 1932 0.
514 1880 597 1947 Laeli,
609 1881 681 1934 uiros
693 1880 855 1934 clarissimos
871 1879 949 1933 mihi-

103 1970 158 2022 quc
169 1953 351 2007 :amicissimos
370 1954 461 2007 vivere
480 1953 606 2022 arbitror,
624 1959 653 2010 et
665 1972 725 2009 eam
736 1955 849 2024 quidem
865 1956 949 2008 vitam

103 2045 174 2096 quae
187 2034 229 2083 est
241 2026 298 2083 sola
308 2027 548 2093 uitanominanda.
564 2045 568 2075 ³
585 2031 611 2084 N
612 2030 734 2085 am‘dum
752 2031 889 2085 sumusin
907 2030 949 2084 his
988 2095 991 2100 ι

102 2104 199 2158 inclusi
211 2104 387 2174 compagibus
394 2100 527 2174 'comoda
544 2120 657 2160 munere
666 2108 792 2175 'quodam
804 2107 949 2160 necessita-

102 2179 140 2234 tis
152 2185 182 2233 et
190 2180 269 2248 graui
281 2197 363 2248 opera
372 2180 580 2249 perfungimur.·
588 2182 639 2236 Est
649 2181 721 2235 enim
733 2181 839 2234 animus
851 2181 949 2234 caeles-

102 2254 141 2308 tis
158 2271 193 2308 ex
210 2255 341 2308 altissimo
357 2254 701 2324 domiciliodepressus-et
718 2255 796 2324 quasi
808 2254 949 2309 demersus

103 2329 132 2381 in
143 2331 254 2395 terram
265 2329 357 2381 locum*
366 2328 475 2382 divinae
486 2333 599 2382 naturae
615 2330 826 2398 aeternitatique
844 2334 948 2384 contra-

72 2399 75 2406 ’
103 2404 182 2458 rium.
199 2404 201 2411 “
218 2403 274 2458 Sed
290 2403 373 2457 credo
388 2404 454 2457 deos
468 2405 782 2472 immortales-sparsisse
798 2405 903 2459 animos
920 2407 947 2460 ir.

103 2495 218 2548 corpora
231 2479 348 2532 bumana
360 2482 392 2533 ut
404 2478 496 2534 essent
508 2481 556 2548 qui
572 2483 660 2534 terras
678 2485 828 2547 tuerentur,
847 2482 948 2551 quique

102 2555 260 2610 caelestium
287 2554 412 2608 ordinem
439 2557 655 2624 contemplantes
672 2557 856 2612 imitarentur
885 2575 948 2612 curn

102 2631 176 2685 ritae
191 2631 272 2684 modo
290 2629 378 2700 atque
389 2629 549 2686 constantia.
569 2632 644 2686 ·Nee
661 2650 706 2686 me
724 2633 810 2686 solum
828 2633 898 2686 ratio
916 2651 948 2687 ac

102 2707 253 2776 disputatio
270 2706 380 2774 impulit
390 2709 423 2760 ut
434 2706 475 2771 ita
486 2707 633 2775 crederem,
643 2707 710 2761 sed
718 2708 846 2762 nobilitas
864 2709 947 2761 etiam

101 2777 509 2851 summorumphilosophorum
529 2787 565 2837 ct.
581 2784 735 2839 auctoritas.
780 2788 820 2842 78.
844 2783 947 2835 Audie-

101 2858 166 2913 bam
187 2854 370 2926 Pythagoram
391 2859 639 2928 Pythagoreosque,
661 2860 761 2913 incolas
781 2875 867 2927 paene
886 2874 946 2912 nos-

100 2937 168 3002 tms,
188 2934 346 3003 quiessent
367 2934 457 2988 Italici
478 2935 633 3003 philosophi
649 2934 796 3002 quendam
806 2934 965 3004 namne)

98 3023 237 3079 nunquam
249 3009 394 3066 dubitasse
407 3011 477 3081 quin
496 3028 535 3066 en
542 3011 682 3064 uniuersa
687 3007 793 3058 menne
802 2993 988 3076 drumanes

91 3081 172 3140 batos
189 3089 298 3146 animos
309 3090 497 3147 haberemus.
532 3079 829 3154 nemausen-astat
836 3064 1030 3169 ffi‘ffig„

81 3163 164 3217 Wffl
176 3179 253 3230 quae
266 3168 408 3230 &erutas
423 3184 568 3242 supremo
587 3163 674 3226 uite-b
686 3154 739 3208 &lb
751 3141 920 3200 &mmm
933 3137 958 3169 Q
