2084 3404
303 119 353 166 AD
371 109 543 177 QUINTUM
562 108 744 166 FRATREM.
921 121 952 167 65

40 249 42 253 Α
100 201 168 271 ipsis
185 200 331 269 diligenter
346 198 484 253 carendae
501 201 566 252 sunt
585 197 724 267 quaedam
744 197 953 265 familiaritates,

100 282 216 346 praeter
235 277 374 329 bominum
399 289 604 343 perpaucorum,
633 274 658 326 si
687 274 735 342 'qui
764 277 829 328 sunt
857 279 952 328 vetere

101 353 216 408 Graecia
227 352 311 420 digni
346 351 392 405 Sic
404 367 468 404 vero
479 350 589 404 fallaces
606 353 670 403 sunt
686 349 817 419 permulti
832 354 863 404 et
878 350 953 404 leves

100 434 130 485 et
142 429 271 482 diuturna
283 429 416 482 servitute
432 428 468 481 ad
483 429 594 481 nimiam
610 427 824 481 assentationem
840 428 950 481 eruditi.

100 507 175 570 Quos
186 523 238 574 ego
250 505 389 558 universos
402 503 526 558 adhiberi
538 503 700 573 liberaliter,
711 504 845 572 optimum
859 520 952 572 qucrn-

98 601 154 652 que
166 583 285 651 hospitio
295 574 471 648 amicitiaque
483 580 611 649 conjungi
622 580 684 635 dico
695 584 839 650 oportere:
853 580 953 634 nimiae

99 659 299 712 familiaritates
315 674 409 711 eorum
426 673 516 726 neque
532 662 590 711 tam
606 657 702 711 fideles
717 661 789 724 sunt,
805 673 862 710 non
879 656 953 709 enim

98 734 203 787 audent
215 734 353 790 adversari
365 733 465 787 nostris
477 733 670 800 voluntatibus,
683 737 712 787 et
724 731 812 803 [vero]
827 731 952 786 invident

100 828 153 864 non
166 810 267 865 nostris
278 811 367 864 solum
379 827 473 864 verum
485 811 570 864 ctiam
581 809 646 864 suia

153 887 203 940 VI.
224 892 261 945 17.
280 886 344 940 Jam
356 887 404 956 qui
415 887 444 939 in
455 886 591 954 ejusmodi
603 887 686 940 rebus
697 886 725 939 in
736 885 836 955 quibus
857 901 953 938 vereor

98 963 182 1016 etiam
197 964 232 1017 ne
247 963 341 1016 durior
352 963 406 1016 sim
421 967 518 1017 cautus
533 980 594 1017 essa
611 950 697 1016 velim'
707 979 740 1016 ac
756 962 882 1030 diligens,
897 978 952 1030 quo

98 1056 144 1093 mc
161 1041 252 1092 animo
272 1041 300 1092 in
322 1040 409 1110 servis·
427 1056 495 1093 csse
508 1041 623 1093 censcsl
644 1055 713 1107 quos
733 1038 846 1106 quidem
866 1054 953 1106 quum
976 1079 981 1088 .

98 1115 274 1177 omnibusin
295 1111 361 1167 loeis
384 1119 444 1168 tum
468 1107 613 1182 praecipue
636 1114 666 1167 in
688 1113 834 1181 provinciis
857 1129 954 1180 regere

99 1189 239 1243 debemus
274 1189 336 1253 Quo
350 1190 387 1242 de
402 1207 502 1257 genero
519 1191 606 1243 multa
620 1189 742 1257 praecipi
757 1193 889 1258 possunt;
903 1189 954 1241 sed

99 1264 152 1319 hoc
165 1269 193 1318 et
205 1264 395 1319 brevissimum
407 1269 453 1318 cst
465 1269 496 1319 et
509 1265 637 1319 facillime
651 1265 739 1319 teneri
753 1267 855 1334 potest,
868 1267 901 1317 ut
915 1264 954 1316 ita

99 1358 131 1394 se
147 1345 246 1410 gerant
263 1342 292 1394 in
308 1341 370 1394 istis
389 1340 519 1395 Asiaticis
536 1341 681 1395 itineribus
698 1345 730 1395 ut
744 1342 770 1395 si
789 1341 844 1394 iter
862 1340 954 1408 Appia

100 1419 145 1472 sia
167 1419 278 1484 faceres,
304 1434 373 1472 nevo
399 1417 532 1471 interesse
558 1418 710 1486 quidquam
727 1420 835 1487 putent
860 1421 954 1470 utrum

99 1495 196 1548 Trallis
211 1513 248 1548 an
265 1495 388 1548 Formias
406 1495 536 1548 venerint.
574 1496 617 1548 Ac
633 1495 657 1548 si
673 1495 735 1563 quis
753 1497 850 1548 estex
867 1493 954 1547 serris

99 1571 210 1638 egregio
222 1571 319 1638 fidelis,
329 1570 366 1624 sit
378 1571 406 1623 in
418 1571 575 1625 domesticis
592 1571 674 1624 rebus
691 1574 719 1624 ct
735 1570 866 1640 privatis:
883 1586 954 1637 quae

100 1663 144 1699 res
156 1647 193 1699 ad
203 1647 319 1700 officium
332 1646 439 1716 imperii
452 1646 494 1700 tui
505 1651 589 1716 atque
604 1647 642 1700 ad
655 1647 774 1716 aliquam
789 1649 897 1716 partem
912 1647 954 1699 rei

98 1721 224 1790 publicae
247 1723 432 1792 pertinebunt,
457 1723 493 1776 dc
515 1723 550 1775 iis
573 1722 656 1776 rebus
679 1739 715 1776 nc
739 1722 808 1790 quid
827 1722 954 1788 attingat

100 1797 190 1851 Multa
202 1799 275 1852 enim
286 1815 358 1867 quac
369 1803 444 1852 recte
456 1798 591 1851 committi
600 1798 687 1851 servis
696 1797 823 1851 fidelibus
831 1801 952 1864 possunt,

100 1876 194 1926 tamen
212 1874 342 1926 sermonis
360 1877 390 1926 ct
407 1874 618 1942 vituperationis
634 1874 760 1928 vitandae
780 1889 863 1935 causa
880 1889 953 1926 eom-

100 1948 238 2003 mittenda
248 1967 302 2003 non
312 1953 385 2004 suut.
423 1956 463 2005 18.
482 1950 539 2004 Sed
550 1950 642 2004 nescio
658 1967 713 2018 quo
729 1948 863 2018 pacto'ad
877 1965 954 2017 prae

99 2025 220 2093 cipiendi
231 2027 365 2080 rationem
376 2024 488 2095 delapsa
500 2030 543 2080 est
557 2027 645 2080 oratio
658 2043 729 2094 mea,
744 2042 829 2095 quum
843 2025 877 2079 id·
888 2025 954 2078 mihi

99 2102 270 2170 propositum
282 2103 361 2156 initio
373 2119 428 2156 non
440 2102 543 2157 fuisset.
579 2103 654 2167 Quid
666 2102 738 2156 enim
751 2102 778 2155 ci
791 2100 954 2169 praecipiam

100 2194 182 2246 quem
196 2196 247 2246 ego
259 2179 288 2232 in
300 2179 351 2232 hoe
361 2179 526 2247 praesertim
536 2195 639 2245 genere
648 2177 800 2244 intelligam
810 2176 956 2245 prudentia

100 2269 154 2305 non
178 2270 238 2307 csse
259 2254 416 2306 inferiorem
435 2269 518 2321 quam
539 2269 591 2321 me,
612 2269 662 2305 usu
684 2268 749 2305 vere
770 2252 856 2304 etiam
876 2268 954 2318 supe-

100 2329 220 2381 riorcml
256 2329 314 2381 Sed
331 2331 424 2380 tamen
440 2327 466 2380 si
478 2328 520 2380 'ad
538 2345 571 2380 ea
593 2344 661 2395 quac
682 2327 787 2379 faceres
807 2327 955 2380 auotoritas

100 2403 245 2456 accederet
265 2421 333 2472 mea,
356 2403 408 2456 tibi
430 2403 492 2470 ipsa
515 2403 564 2456 illa
585 2403 679 2471 putavi
703 2402 762 2455 fore
782 2401 955 2470 jucundiora.

102 2477 193 2541 Quare
206 2479 262 2532 sint
274 2480 341 2534 hacc
349 2479 527 2532 fundamenta
536 2478 678 2547 dignitatis
687 2481 752 2532 tuac
764 2499 770 2543 ;
780 2481 828 2532 tua
836 2478 955 2547 primum

100 2553 249 2623 integritas
272 2559 302 2608 ct
324 2554 508 2609 continentia:
534 2555 634 2608 deinde
653 2554 774 2608 omnium
796 2555 845 2623 qui
865 2558 955 2608 tecum

101 2634 166 2683 sunt
177 2631 282 2699 pudor:
296 2630 417 2684 delectus
430 2631 458 2683 iu
471 2630 702 2685 familiaritatibus
712 2634 741 2685 et
750 2631 955 2700 provincialium

99 2705 240 2759 hominum
256 2710 284 2761 et
299 2706 465 2761 Graecorum
480 2711 627 2776 percautus
641 2713 670 2762 ct
684 2708 822 2776 diligens:
838 2706 921 2760 famil'

101 2783 193 2848 gravis
209 2786 240 2836 et
255 2786 380 2837 constans
398 2783 548 2852 disciplina
587 2790 626 2838 19.
645 2784 720 2850 Quae
737 2784 829 2852 quum¹
843 2782 897 2834 bon

100 2857 157 2912 sint
180 2859 209 2911 in
231 2859 274 2912 his
294 2860 410 2928 privatis
429 2861 531 2920 nostris
552 2860 776 2930 quotidianisque
798 2856 897 2910 rationi

100 2932 130 2986 in
137 2937 214 2987 tanto
223 2931 344 3004 imperio,
351 2939 409 2990 tam
419 2937 574 3004 depravatis
583 2935 713 2999 moribus,
720 2940 781 2987 tarn
787 2947 901 3010 corrupx

96 3009 241 3076 prouincia,
252 3011 348 3068 divina
361 3012 513 3069 videantur
524 3027 642 3066 necesse
655 3013 712 3062 cst.
740 3002 931 3069 tisac'xffl,

89 3089 180 3152 2⁸4³&
191 3085 262 3142 haec
273 3089 429 3164 disciplina
436 3094 539 3164 potest
545 3077 867 3156 sustineramrmpu
930 3118 933 3123 -

81 3159 116 3212 et
128 3158 322 3224 decernendis
336 3187 405 3228 eam
419 3169 624 3227 seueritatem
633 3145 853 3231 quamnam
