2084 3404
98 136 148 184 102
292 88 295 95 Ι
326 128 365 179 Μ.
383 127 509 178 TULLII
527 126 716 192 OIQERONIS

97 233 130 269 ea
142 214 219 283 copia
230 229 301 281 quae
314 211 433 266 Athenis
445 213 505 265 erat
522 209 605 264 funus
619 210 645 264 oi
663 209 730 264 satis
746 208 866 278 amplum
884 208 950 264 laci-

98 291 199 344 endum
224 289 322 343 curavi.
361 289 407 343 Ab
431 287 646 341 Atheniensibus
674 286 764 339 locum
792 286 950 354 sepulturae
1020 332 1024 341 .

98 369 125 420 in
127 371 171 440 tra
127 366 284 421 turbem
300 369 332 418 ut
348 364 447 417 darent
463 364 613 431 impetrare
624 380 678 416 non
695 362 780 431 potui,
793 362 868 431 quod
886 364 950 417 reli-

97 444 178 532 glorie
202 459 232 495 se
255 440 382 510 impediri
411 440 549 505 dicerent;
578 456 668 507 neque
695 444 789 492 tamen
812 439 842 492 id
868 443 951 494 antea

98 520 225 586 cuiquam
237 519 435 572 concesserant.
471 481 551 580 Quod
562 516 716 584 proximum
728 516 789 582 luit,
801 515 862 570 uti
855 533 883 568 ιιι
895 532 950 584 quo

99 596 229 649 tollemus
241 592 379 662 gymnasio
394 608 457 645 eum
475 591 651 660 sepeliremus
667 591 746 645 nobis
757 593 949 660 permiserunt.

102 672 158 724 Nos
170 672 197 722 in
209 668 376 722 nobilissimo
389 667 463 721 orbis
479 671 615 722 terrarum
631 669 770 737 gymnasio
784 669 950 723 Academiae

99 749 187 800 locum
206 744 360 812 delegimus
377 744 471 812 ibique
489 762 552 798 eum
570 746 781 812 combussimus3
799 750 957 814 posteaque.

99 822 253 876 curavimus
270 822 303 873 ut
320 820 404 874 iidem
421 821 604 876 Athenienses
621 823 649 875 in
667 823 764 877 codem
781 824 840 877 loco
857 839 951 877 monu-

100 901 222 951 mentum
238 896 264 949 ei
278 912 460 950 marmoreum
478 897 631 951 faciendum
649 899 777 953 locarent.
815 900 861 952 Ita
879 915 951 968 quae

101 977 194 1026 nostra
210 973 297 1026 officia
310 972 422 1025 luerunt
437 988 488 1040 pro
506 972 618 1040 collegio
630 977 660 1027 et
676 991 726 1042 pro
744 974 951 1042 propinquitate
975 1009 977 1013 .

101 1052 129 1102 ct
141 1049 244 1102 vivo-et
255 1052 363 1102 mortuo
375 1048 465 1101 omnia
478 1047 504 1101 ei
515 1049 708 1116 praestitimus.
746 1048 822 1104 Vale.
860 1050 893 1104 D.
908 1067 949 1119 pr.

102 1122 164 1178 Kal.
178 1125 196 1178 J
199 1141 243 1178 un.
257 1124 390 1213 Athonis..
789 1154 792 1159 ·

290 1245 327 1290 12.
363 1243 517 1293 SERVIUS
534 1245 710 1306 CICERONI,
730 1246 754 1294 S.

380 1341 425 1402 (ιι.
440 1340 462 1390 ὅ,
498 1355 523 1389 ι.
537 1354 561 1391 ιι.
575 1355 597 1392 c.
612 1342 678 1404 709.)

102 1426 285 1494 Posteaquam
308 1421 376 1475 mihi
399 1423 586 1475 renuntiatum
610 1426 653 1475 est
676 1423 711 1475 de
735 1422 813 1476 obitu
837 1416 949 1488 Tulliae,

101 1502 173 1554 filiae
196 1504 267 1564 tuae,
288 1515 353 1551 sane
372 1513 454 1564 quam
473 1513 523 1565 pro
545 1513 577 1550 eo
596 1513 628 1550 ac
649 1496 731 1550 debui
752 1499 873 1564 graviter
892 1514 949 1550 mo-

102 1577 226 1643 lesteque
250 1573 310 1639 tuli,
334 1587 561 1638 communemque
584 1587 644 1624 eam
668 1572 851 1625 calamitatem
876 1573 948 1626 exis·

101 1651 211 1715 timavi;
236 1649 288 1718 qui·
308 1647 331 1701 si
351 1646 413 1700 istic
432 1646 588 1713 adfuissem,
600 1663 700 1715 ,nequo
723 1647 775 1700 tibi
799 1647 949 1702 defuissem

102 1738 351 1795 coramquemeum
364 1723 486 1777 dolorem
502 1722 554 1776 tibi
566 1722 754 1777 declarassem.
790 1723 852 1777 Iltsi
863 1741 949 1792 genus

102 1803 153 1858 hoc
169 1800 359 1857 consolationis
382 1799 513 1853 miserum
532 1799 616 1868 atque
636 1799 765 1854 acerbum
782 1803 841 1866 est;
867 1817 948 1869 prop

103 1884 181 1934 terea
199 1878 263 1948 quia
283 1893 334 1946 per
347 1893 419 1946 ,quos
439 1892 472 1930 ea
488 1876 600 1930 confieri
619 1875 710 1944 debet,
730 1876 899 1946 propinquos
918 1894 950 1931 ae

103 1955 259 2021 familiares,
282 1953 335 2021 ipsi
362 1953 422 2020 pari
448 1953 573 2006 molestia
601 1952 755 2006 afficiuntur
777 1969 867 2021 neque
892 1952 950 2006 sino

103 2030 222 2084 lacrimis
238 2028 333 2085 multis
350 2028 381 2080 id
401 2029 492 2080 conari
509 2033 630 2095 possunt,
649 2029 691 2082 uti
706 2029 793 2096 magis
807 2028 859 2097 ipsi
875 2027 950 2082 vide-

104 2111 190 2161 antur
208 2104 323 2160 aliorum
340 2103 522 2158 consolatione
543 2104 667 2170 indigere
685 2120 767 2172 quam
785 2103 845 2156 aliis
869 2120 950 2172 posse

104 2201 183 2238 suum
202 2181 318 2237 officium
333 2182 489 2250 praestare;
512 2183 605 2233 tamen
621 2196 692 2247 quae
705 2180 734 2233 in
749 2180 905 2248 praesentia
920 2178 949 2233 in

105 2264 223 2315 aientem
235 2258 302 2312 mihi
314 2258 454 2325 venerunt,
467 2255 575 2310 decrevi
586 2254 664 2309 brevi
676 2255 712 2309 ad
723 2259 753 2310 te
765 2255 950 2325 perscribere;

104 2353 158 2388 non
166 2353 220 2405 quo
232 2352 265 2389 ee
276 2338 306 2389 te
314 2335 410 2402 fugere
419 2332 581 2397 existimem,
591 2332 640 2385 sed
649 2333 724 2401 quod
732 2331 846 2385 forsitan
855 2331 950 2386 doloro

100 2412 221 2484 impedit
221 2428 254 2465 us
274 2411 365 2464 minus
384 2425 418 2462 ea
435 2408 606 2477 perspicias.
628 2409 700 2472 Quid
718 2413 761 2463 est
779 2408 854 2476 quod
871 2398 950 2462 tanto

105 2504 187 2555 opere
212 2490 242 2540 te
265 2487 433 2541 commoveat
456 2488 521 2538 tuus
545 2483 656 2537 dolor
648 2501 676 2536 ιιι
678 2485 817 2540 testinust
854 2483 951 2552 Cogita

105 2561 335 2631 quemadmodum
347 2561 437 2614 adhuc
448 2560 558 2615 fortuna
569 2558 709 2613 nobiscum
721 2562 816 2633 egerit,
828 2577 861 2615 ea
872 2561 951 2614 nobis

105 2641 201 2706 crepta
212 2652 272 2690 esse
284 2653 355 2705 quae
371 2636 527 2690 hominibus
538 2652 592 2689 nou
603 2635 693 2690 minus
705 2652 787 2705 quam
796 2635 875 2689 liberi
887 2652 951 2690 cara

106 2731 166 2768 csse
181 2711 434 2780 debentpatriam,
449 2711 628 2778 honestatem,
646 2711 816 2780 dignitatem,
834 2710 950 2766 honores

106 2808 206 2846 omnes
236 2789 298 2845 Hoc
316 2805 370 2842 uno
390 2788 560 2847 incommodo
578 2788 674 2842 addito
692 2788 760 2856 quid
774 2786 811 2840 ad
828 2785 950 2843 dolorem

105 2867 220 2935 adjungi
234 2867 341 2936 potuitl
366 2868 415 2920 aut
435 2866 483 2934 qui
499 2882 553 2919 non
567 2865 596 2918 in
612 2865 667 2918 illis
684 2865 768 2918 rebus
784 2863 952 2918 exercitatus

96 2945 210 2996 animas
226 2941 355 2997 callere'
340 2959 402 3033 Jam
421 2941 506 2995 debet
523 2945 608 3009 atque
630 2939 720 2994 omnia
737 2938 850 2992 minoris
870 2941 952 2994 aesti-

18 3020 38 3157 ,
79 3019 190 3070 mare?
218 3019 267 3072 An
284 3020 474 3090 illusncem,
488 3017 581 3087 credo,
594 3016 879 3080 detestationem
891 3033 953 3072 eam

58 3087 283 3162 mascaronem
306 3117 428 3156 neccsse
452 3102 499 3156 est
519 3101 552 3155 et
571 3100 605 3155 tu
623 3093 748 3175 ueneris,
765 3095 797 3147 et
810 3106 866 3143 uos
878 3105 969 3175 ¹saepo

49 3150 228 3234 mammes,
251 3173 337 3230 hisce
360 3179 523 3252 temporib
519 3196 554 3235 is
571 3194 631 3233 uon
645 3161 774 3247 pessime
788 3181 859 3222 cum
867 3163 910 3214 ἰιι
924 3175 988 3211 am
