2084 3404
120 132 151 182 72
465 121 639 170 EPISTOLA

118 208 193 278 quod
214 208 257 260 est
275 204 406 274 epistolae
427 202 574 270 proprium,
591 205 624 255 ut
641 201 664 254 is
683 202 720 254 ad
740 219 823 271 quem
845 202 972 258 scribitur

118 286 154 337 de
167 284 200 337 iis
212 282 294 336 rebus
307 296 374 349 quas
386 279 609 347 ignorat'ecrtior
624 278 681 343 fiat,
697 278 974 346 praetermittendum

118 367 255 414 essenon
278 363 352 427 puto.
387 357 545 411 rasicae
567 374 617 410 uos
641 374 734 412 omnes
757 359 815 412 fere
839 361 973 434 deferunt,

118 436 184 489 nihil
198 453 281 504 quum
291 434 363 488 absit
374 432 515 486 iracundia
531 434 629 486 tefieri
648 450 727 501 posse
742 434 905 502 jucundius;
925 441 976 493 sed

117 530 203 581 quum
215 517 244 566 te
253 510 368 578 alicrp'us
379 507 540 577 improbitas
554 511 775 579 perversitasque
790 513 972 577 commoverit,

117 589 156 642 sic
176 593 206 642 te
224 589 314 641 animo
332 585 440 639 incitari
464 589 496 638 ut
520 586 555 638 ab
579 587 704 640 omnibus
728 592 777 641 tua
801 588 973 642 desideretur

117 664 278 717 humanitas.
315 663 404 726 Quare
418 662 545 730 quoniam
562 661 590 714 in
607 678 667 715 eam
684 664 818 717 rationem
834 665 907 718 vitae
922 682 972 718 nos

116 757 170 793 non
190 744 247 793 tam
266 738 401 807 cupiditas
422 738 556 806 quaedam
575 737 678 806 gloriae
695 757 777 808 quam
795 757 840 794 res
859 741 917 808 ipsa
941 757 972 794 ac

116 816 226 869 fortuna
251 815 373 882 deduxit,
397 819 430 868 ut
453 814 635 883 sempiternus
659 831 748 869 sermo
772 816 912 870 hominum
935 817 971 870 de

116 890 194 944 nobis
206 891 315 944 futurus
327 891 370 958 sit,
385 907 534 957 caveamus,
555 894 687 959 quantum
707 891 813 946 efficere
830 896 859 945 et
878 909 971 946 conse-

115 967 164 1034 qui
172 982 322 1034 possumne,
335 971 413 1020 utne
426 965 500 1034 quod
511 966 540 1018 in
552 965 631 1019 nobis
647 966 752 1034 insigne
769 967 866 1020 vitium
885 968 971 1022 luisse

115 1042 230 1095 dicatur.
270 1041 368 1111 Neque
380 1059 430 1110 ego
442 1059 513 1095 nunc
530 1042 581 1094 hoe
599 1043 743 1104 contendo,
762 1042 837 1110 quod
854 1043 971 1098 fortasse

115 1135 201 1184 quum
212 1117 325 1171 inomni
337 1122 507 1172 naturatum
521 1117 580 1185 jam
595 1117 623 1170 in
640 1121 733 1171 nostra
749 1121 840 1172 aetate
861 1118 970 1174 difficile

114 1198 165 1261 est,
177 1197 285 1248 mutare
297 1195 423 1259 animum,
436 1199 465 1248 et
478 1195 500 1247 si
513 1194 632 1262 quidest
642 1194 752 1262 penitus
764 1194 876 1248 insitum
888 1198 970 1250 mori·

115 1269 167 1323 hus
182 1270 211 1323 id
227 1270 318 1324 subito
329 1272 459 1335 evellere;
476 1270 525 1324 sed
541 1274 569 1323 te
585 1270 653 1322 illud
669 1270 803 1335 aduroneo
823 1273 862 1338 ut,
881 1271 904 1324 si
918 1272 971 1327 hoc

115 1346 194 1414 plene
206 1347 293 1401 vitare
305 1365 358 1414 non
374 1350 459 1415 potes,
478 1347 553 1415 quod
569 1351 633 1400 autc
650 1351 798 1416 occupatur
813 1349 918 1402 animus
932 1350 969 1402 ab

115 1423 256 1476 iracundia
266 1439 349 1492 quam
358 1424 502 1491 providere
513 1423 584 1476 ratio
593 1423 685 1490 potuit
695 1441 730 1477 nc
740 1426 924 1493 occuparetur,
937 1428 969 1480 ut

115 1500 145 1550 te
156 1501 223 1550 ante'
234 1500 373 1566 compares
386 1498 564 1566 quotidieque
574 1498 707 1552 meditere
715 1498 898 1553 resistendum
909 1517 970 1556 esse

114 1573 286 1638 iracundiae;
303 1589 441 1642 quumque
459 1590 491 1626 ea
503 1574 621 1626 maxime
638 1574 759 1628 animum
772 1579 888 1642 moveat,
908 1578 969 1628 turn

114 1649 166 1701 tibi
180 1665 239 1702 esse
252 1649 460 1717 diligentissime
476 1650 595 1717 linguam
607 1651 806 1718 continendam,
819 1668 890 1720 quae
909 1651 969 1720 qui-

114 1725 179 1778 dem
202 1725 270 1778 mihi
293 1727 380 1780 virtus
401 1743 455 1779 non
478 1726 617 1779 interdum
641 1727 729 1780 minor
750 1728 861 1781 videtur
883 1743 966 1795 quam

39 1855 44 1863 ,
113 1802 386 1856 omninononirasei.
422 1803 493 1856 Nam
505 1802 573 1855 illud
590 1805 633 1856 est
648 1803 806 1857 non'solum
823 1804 968 1871 gravitatis

113 1878 165 1930 sed
180 1895 381 1947 nonnumquam
399 1879 483 1932 etiam
499 1878 686 1933 lentitudinis:
703 1879 840 1933 moderari
856 1895 921 1932 vero
938 1883 968 1933 et

113 1954 204 2006 animo
217 1959 245 2008 et
256 1955 379 2022 orationi,
393 1971 477 2023 quum
490 1955 527 2008 sis
543 1954 637 2022 iratus,
657 1959 705 2010 aut
725 1955 809 2009 etiam
827 1959 920 2009 tacere
939 1961 968 2011 ot

113 2033 209 2084 tenere
225 2030 254 2082 in
267 2047 315 2083 sua
331 2034 470 2099 potestate
486 2034 591 2084 motum
610 2031 693 2084 animi
713 2034 743 2085 et
764 2031 893 2098 dolorem,
913 2033 967 2086 etsi

113 2109 223 2160 nonest
244 2107 380 2175 perfectae
399 2108 557 2176 sapientiae,
574 2109 668 2160 tamen
687 2109 730 2159 est
749 2122 802 2158 non
821 2106 967 2160 mediocris

113 2182 222 2250 ingenii
256 2188 297 2237 39.
321 2183 455 2251 Atquein
474 2184 525 2236 hoe
549 2193 649 2250 genere
667 2182 754 2235 nudto
779 2184 809 2235 te
826 2197 886 2235 esse
905 2181 966 2249 jam

113 2260 327 2313 commodiorem
361 2259 554 2327 mitioremque
586 2257 720 2312 nuntiant.
768 2257 866 2311 Nullae
901 2261 966 2312 tuac

113 2335 330 2390 vehementiores
350 2336 431 2389 animi
448 2335 649 2406 concitationes,
672 2334 747 2388 nulla
765 2333 912 2388 maledicta
930 2335 966 2388 ad

114 2427 170 2477 nos,
196 2412 286 2465 nullae
306 2411 485 2466 contumeliae
508 2411 701 2479 perferuntur;
722 2426 794 2480 quae
815 2427 898 2479 quum
919 2411 965 2463 ab·

53 2480 57 2486 ’
113 2484 226 2539 horrent
247 2487 392 2554 alitteris,
413 2487 448 2540 ab
469 2488 646 2555 humanitate,
666 2490 726 2540 tum
746 2503 811 2540 vcro
829 2487 965 2541 contraria

113 2565 178 2613 sunt
200 2562 315 2629 imperio
338 2578 370 2614 ac
393 2561 530 2629 dignitati.
565 2563 637 2616 Nam
662 2562 685 2615 si
706 2562 890 2629 implacabiles
913 2563 964 2614 ira·

113 2636 228 2690 candiae
240 2637 301 2702 sint,
314 2653 419 2689 summa
431 2641 473 2690 est
485 2639 635 2691 acerbitas:
648 2637 690 2691 sin
702 2641 795 2691 autem
804 2635 963 2703 exorabiles,

114 2729 219 2765 summa
230 2712 343 2766 levitas:
356 2729 426 2780 quaa
438 2717 531 2766 tamen
540 2718 571 2767 ut
583 2714 610 2766 in
626 2713 705 2766 malis
724 2712 868 2766 acerbitati
888 2717 963 2766 ante-

112 2788 239 2856 ponenda
251 2792 301 2842 est.

167 2864 245 2919 XIV.
262 2871 303 2919 40.
321 2864 377 2919 Sed
390 2865 516 2935 quoniam
528 2865 633 2934 primus
648 2881 733 2916 annus
750 2863 846 2918 habuit
862 2864 898 2918 de
913 2864 963 2919 hac

107 2941 322 3021 reprehensione
333 2942 479 3010 plurimum
492 2941 631 3007 sermonis,
643 2940 725 2992 credo
734 2944 880 3007 propterea
889 2942 963 3009 quod

93 3011 311 3072 t1b1'hominu1n
332 3019 460 3090 injuriae,
480 3017 558 3091 quod
573 3015 714 3085 auaritiae,
731 3015 807 3082 quod
820 3016 965 3072 insolentia

71 3090 202 3142 Praeter
213 3095 377 3162 opinionem
394 3099 546 3156 accidebat
563 3099 597 3154 et
612 3092 800 3152 intolerabilis
814 3091 962 3144 uumerus
971 3111 985 3153 ἰ

58 3160 219 3220 aeemrdue
235 3175 340 3232 autem
361 3180 460 3238 multo
482 3178 590 3249 lenior,
610 3172 694 3250 quod
712 3175 746 3228 et
767 3164 955 3224 musaeum,
968 3164 1002 3212 oh
