2084 3404
105 137 135 184 94
332 131 371 183 M.
388 130 514 182 TULLII
531 130 720 180 CICERONIS

250 254 273 304 ¹4.
309 253 348 303 M.
366 254 493 304 CICERO
510 255 535 304 S.
555 255 587 302 D.
607 253 645 302 Μ.
665 251 806 304 CATONI.

372 343 425 406 (xv.
444 346 467 392 6.
502 357 527 391 a.
542 355 566 391 u.
580 355 603 391 c.
623 342 703 406 704.)Ι

157 428 515 494 Lactussumlaudarimc,
543 487 550 498 ,

20 541 23 545 -
104 504 195 573 inquit
208 505 321 574 Hector,
335 506 430 574 opinor
442 505 516 572 apud
528 505 554 557 N
556 504 670 570 aerium,

234 586 237 590 ’
493 580 543 634 abs
555 584 592 646 te,
605 585 691 648 pater,
704 597 720 632 a
731 580 845 634 laudato
857 580 922 635 uiro.

105 656 145 709 lla
162 661 206 710 ost
221 657 293 711 onim
311 657 434 725 profecto
449 656 573 725 jucunda
584 656 643 709 laus
656 673 726 723 quae
738 656 773 709 ab
791 657 825 708 iis
837 657 958 725 proficis-

104 735 178 787 citur
196 733 244 802 qui
263 733 316 801 ipsi
335 733 364 785 in
379 732 462 786 laude
479 733 613 786 vixerunt.
649 731 707 799 Ego
722 748 788 786 vero
804 732 848 786 rel
866 735 959 800 gratu·

104 810 206 863 latione
236 809 378 862 literarum
402 815 520 875 tuarum,
544 809 587 862 vel
616 809 780 862 testimoniis
805 810 960 863 sententiae

105 886 205 952 dictae,
217 884 284 937 nihil
297 888 341 939 est
352 885 428 954 quod
439 902 483 950 me
495 901 549 938 non
561 888 716 937 assecutum
727 887 830 952 putem.
868 884 959 952 idque

105 961 170 1014 milri
195 978 280 1030 quum
299 962 504 1031 amplissimum,
520 964 580 1014 turn
600 960 787 1026 gratissimum
809 963 860 1027 est,
880 964 909 1014 te
928 961 960 1013 li-

106 1037 206 1090 benter
226 1037 363 1093 amicitiae
387 1038 496 1092 dedisse
515 1035 589 1105 quod
608 1035 713 1105 liquido
733 1037 845 1090 veritati
868 1037 958 1092 dares.

108 1115 142 1167 Et
166 1115 263 1168 sinon
282 1115 363 1168 modo
388 1131 489 1181 omnes,
510 1129 605 1166 verum
629 1112 713 1166 etiam
737 1113 817 1166 multi
838 1112 959 1166 Catones

108 1196 200 1244 essent
219 1191 247 1244 in
266 1191 378 1246 civitate
395 1195 498 1258 nostra,
519 1189 548 1243 in
568 1205 624 1258 qua
644 1205 728 1242 unum
749 1188 889 1243 exstitisse
909 1190 959 1242 mi-

109 1267 194 1321 rabile
207 1270 258 1336 est,
269 1285 351 1337 quem
363 1284 414 1336 ego
426 1284 536 1320 currum
548 1269 597 1319 aut
609 1282 691 1334 quam
703 1266 824 1338 lauream
837 1283 897 1319 eum
910 1269 959 1319 tua

108 1343 266 1398 laudatione
285 1344 457 1398 conferreml
493 1343 565 1395 Nam
582 1341 619 1393 ad
638 1358 728 1394 mcum
748 1358 857 1395 sensum
876 1347 905 1396 ct
922 1342 958 1395 ad

108 1419 177 1472 illud
201 1421 335 1472 sincerum
358 1435 390 1472 ae
414 1417 515 1471 subtile
534 1415 669 1484 judicium
694 1416 762 1469 nihil
785 1419 958 1484 potestesse

109 1494 273 1557 laudabilius
290 1512 372 1562 quam
392 1511 424 1548 ea
443 1498 492 1548 tua
510 1494 598 1550 oratio
621 1508 692 1560 quae
716 1496 760 1545 est
778 1492 814 1545 ad
832 1508 877 1545 me
896 1509 958 1560 per-

109 1570 211 1638 scripta
222 1587 238 1622 a
250 1570 319 1622 meis
330 1569 498 1622 necessariis.
523 1569 579 1623 Sed
591 1583 699 1621 eausam
711 1583 790 1620 meae
801 1567 958 1638 uoluntatis,

108 1645 251 1700 nonenim
272 1645 359 1697 dicam
379 1644 545 1712 cupiditatis,
565 1643 679 1712 exposui
698 1642 751 1696 tibi
771 1639 959 1711 superioribus

109 1722 204 1790 literis,
224 1737 295 1790 quae
317 1720 422 1774 etiamsi
447 1737 544 1789 parum
563 1720 643 1788 justa
662 1717 715 1772 tibi
736 1719 795 1772 visa
818 1721 959 1788 osthane

110 1803 201 1852 tamen
224 1792 309 1853 habet
329 1797 471 1864 rationem,
491 1814 544 1850 non
568 1801 601 1850 ut
623 1796 704 1849 nimis
727 1797 958 1866 concupiscendus

110 1874 201 1941 honos,
218 1873 268 1928 sed
284 1877 376 1927 tamon
394 1874 416 1926 si
434 1874 577 1928 deferatur
592 1889 609 1926 a
624 1875 720 1928 senatu
736 1873 848 1927 minime
866 1890 958 1942 asper-

110 1951 215 2004 nandus
228 1966 288 2002 esse
300 1949 434 2013 videatur.
472 1949 557 2018 Spero
574 1953 667 2002 autem
682 1949 759 2003 illum
771 1949 895 2004 ordinem
907 1967 958 2020 pro

111 2026 177 2078 ineis
196 2025 306 2079 obrem
325 2024 461 2093 publicam
480 2026 614 2094 susceptis
628 2024 767 2080 laboribus
783 2043 827 2080 me
845 2044 899 2080 non
917 2028 958 2080 in-

110 2102 222 2170 dignum
253 2101 362 2168 honore,
391 2100 494 2155 usitato
526 2101 698 2170 praesertim,
728 2102 958 2161 existimaturum.

112 2179 190 2245 Quod
209 2178 232 2232 si
250 2177 291 2232 ita
308 2177 369 2245 erit,
386 2179 494 2232 tantum
512 2193 547 2230 ex
564 2179 593 2230 te
610 2181 683 2244 peto,
702 2176 776 2245 quod
794 2178 957 2234 amicissime

110 2256 214 2323 scribis,
233 2257 272 2322 ut,
291 2271 376 2322 quum
394 2257 443 2308 tuo
459 2252 567 2320 judicio
589 2252 663 2322 quod
681 2252 877 2321 amplissimum
897 2271 957 2314 esse

109 2332 252 2386 arbitraris
263 2330 328 2385 milri
345 2330 483 2397 tribueris,
499 2329 522 2384 si
539 2329 570 2384 id
587 2329 662 2399 qnod
679 2329 800 2384 maluero
818 2331 956 2400 acciderit,

49 2405 56 2417 “
108 2408 236 2476 gaudeas.
272 2407 317 2461 Sic
338 2407 410 2461 enim
425 2407 523 2461 fecisse
542 2409 573 2461 te
588 2410 618 2461 ct
637 2407 754 2460 sensisse
770 2409 799 2460 et
816 2407 956 2475 scripsisse

109 2484 203 2548 video;
220 2500 319 2552 rosque
329 2483 389 2551 ipsa
401 2483 523 2538 declarat
534 2482 586 2537 tibi
598 2484 675 2537 illum
691 2483 820 2559 honorem
832 2488 955 2536 nostrum

109 2559 313 2628 supplicationis
321 2559 475 2626 jucundum
486 2560 577 2626 fuisse,
590 2559 666 2628 quod
681 2557 824 2612 scribendo
836 2558 955 2612 adfuisti.

110 2637 187 2690 Haec
205 2633 276 2687 enim
294 2639 405 2687 senatus
422 2635 546 2688 consulta
560 2651 613 2688 non
628 2635 723 2702 ignoro
735 2633 770 2686 ab
786 2633 956 2686 amicissimis

108 2711 168 2780 ejus
190 2708 269 2778 cujus
293 2709 329 2763 de
352 2709 454 2763 honore
480 2709 572 2776 agitur
595 2710 678 2763 scribi
703 2709 797 2762 solere.
833 2707 899 2776 Ego,
922 2712 956 2764 nt
1029 2756 1034 2771 .

109 2804 196 2857 spero,
213 2790 243 2841 te
259 2785 418 2856 propediem
436 2784 552 2851 videb03
576 2790 660 2853 atque
677 2785 781 2838 utinam
799 2800 830 2838 re
847 2785 956 2854 publiea

109 2865 221 2919 meliore
233 2880 316 2934 quarn
327 2859 419 2917 timeo.

275 2984 301 3033 5.
339 2982 503 3036 TULLIUS
519 2981 544 3033 S.
562 2980 599 3032 D.
613 2980 741 3030 'liubai
754 2980 782 3028 s.

18 3022 33 3137 l
350 3068 423 3135 (rvr.
442 3071 486 3122 12.
522 3081 549 3121 a.
562 3078 628 3120 uo.
644 3063 714 3129 'luta

49 3135 123 3198 9²¹⁰
137 3147 172 3203 1'11
193 3157 376 3224 discrimino
395 3173 537 3228 versetur
550 3167 633 3227 salus
647 3181 719 3223 mea.
733 3165 768 3218 et
778 3159 927 3214 bonnm
939 3167 998 3204 m*
