2084 3404
77 147 108 192 32
256 178 262 185 .
303 141 340 190 Μ.
359 140 486 191 TULLII
504 139 692 190 CICERONIS

74 224 137 276 mali
153 223 283 277 accidisse
299 223 416 290 Scipioni
432 225 514 290 pnto;
537 221 603 274 mihi
618 219 754 275 acciditsi
769 222 837 290 quid
854 223 918 277 acci,

74 297 123 352 dit.
161 299 221 352 Suis
234 302 325 351 autem
340 296 516 350 incommodis
528 297 648 363 graviter
660 297 791 364 angi-non
806 297 920 351 amicum

74 373 124 427 sed
136 391 165 427 sc
179 373 269 443 ipsum
280 374 397 435 amantis
409 375 460 431 est.
482 377 521 425 11.
541 371 610 425 (lum
625 371 671 424 illo
683 372 748 424 vero
762 372 823 440 quis
834 377 922 445 'neget

74 453 165 502 actum
177 465 237 502 esse
249 450 403 518 praeclaret
439 447 500 500 Nisi
512 448 592 519 enim,
605 446 679 515 quod
693 446 741 501 ille
752 447 862 502 minime
874 467 923 518 pn-

75 524 160 591 tabat,
177 523 410 578 immortalitatem
423 526 519 591 optare
530 523 620 587 vellet,
634 522 703 591 quid
717 540 772 576 non
784 527 827 576 est
841 524 922 592 adep

76 603 121 653 tus
138 601 213 668 quod
230 599 331 653 homini
349 599 390 651 ias
406 602 479 652 esset
496 599 610 667 optaret
629 599 677 666 qui
695 615 828 653 summam
846 615 922 667 spcm

74 675 180 740 civium,
193 691 275 742 quam
286 674 322 727 de
334 690 367 726 eo
375 673 434 741 jam
445 690 531 742 puero
545 673 705 742 habuerant,
720 675 848 728 continuo
861 675 924 727 ado

75 750 178 804 lescens
201 748 354 802 incredibili
375 749 477 803 virtute
501 751 655 818 superavit3
683 750 741 818 qui·
754 750 922 803 consulatum

74 825 156 893 petiit
179 841 324 892 nunquam,
347 825 436 879 factus
459 828 502 879 cst
521 826 614 879 consul
637 825 694 890 bis3
719 820 837 893 primum
859 830 923 878 ante

75 906 197 969 tempus3
221 901 322 954 iterum
340 900 392 954 sibi
410 917 458 954 suo
477 904 608 970 tempore,
628 901 668 954 rei
686 900 810 969 publicae
835 917 923 967 paene

76 992 152 1040 sero;
171 976 217 1042 qni
234 975 340 1030 duabus
352 976 465 1029 urbibus
477 977 578 1030 eversis
593 976 782 1030 inimicissimis
796 975 859 1028 huic
875 976 925 1028 im-

76 1052 152 1119 perio
174 1067 229 1104 non
248 1052 328 1105 modo
349 1054 504 1121 praesentia
523 1069 617 1106 verum
636 1053 719 1105 etiam
737 1052 830 1105 futura
853 1051 924 1105 bella

76 1127 185 1181 delevit.
222 1128 294 1193 Quid
310 1129 399 1182 dicam
415 1127 588 1182 demonibus
604 1127 745 1196 facillimis,
754 1126 799 1182 -de
820 1127 926 1198 pietate

76 1203 105 1256 in
128 1210 252 1272 matrem,
278 1204 443 1258 liberalitate
466 1205 494 1257 in
521 1221 633 1270 sorores,
656 1203 780 1258 bonitate
803 1205 831 1257 in
855 1220 925 1273 suos,

72 1278 226 1347 justitia'in
240 1282 350 1334 omnesl
368 1280 394 1332 N
396 1284 441 1333 ota
458 1284 521 1334 sunt
534 1280 618 1333 vobis.
655 1279 742 1344 Quam
757 1284 849 1333 autem
864 1280 925 1332 eivi-

77 1355 130 1408 tati
147 1373 225 1408 carus
242 1356 325 1409 fuerit
343 1371 465 1408 maerore
481 1354 585 1408 funeris
600 1354 750 1408 indicatum
766 1357 816 1408 est.
852 1354 925 1419 Quid

78 1429 163 1496 igitur
180 1430 251 1482 hunc
268 1445 415 1496 paucorum
432 1445 562 1482 annorum
580 1430 697 1482 accessio
709 1429 808 1496 juvare
824 1429 926 1494 potuis

79 1505 139 1558 setl
175 1503 305 1556 Senectus
321 1504 393 1557 eninr
408 1504 531 1572 quamvis
543 1519 598 1556 non
612 1503 649 1556 sit
662 1496 805 1571 gravis,'ut
816 1502 926 1556 memini

80 1578 211 1632 Catonem
229 1595 299 1632 anno
317 1582 381 1632 ante
400 1595 482 1646 quam
500 1582 623 1632 mortuns
641 1583 683 1633 cst
699 1596 806 1633 mecum
822 1583 926 1632 etcum

80 1654 206 1723 Scipione
216 1653 358 1720 disserere,
374 1657 466 1719 tamen
477 1653 567 1707 aufert
579 1670 638 1708 cam
650 1655 818 1709 viriditatem
832 1655 859 1707 in
873 1672 927 1723 qua

80 1729 235 1783 etiamnunc
258 1733 317 1783 erat
341 1729 436 1798 Scipio.
475 1734 513 1781 la.
540 1729 721 1794 Quamobrem
739 1730 797 1784 rita
816 1731 926 1798 quidem

80 1805 145 1859 talis
156 1805 210 1859 fuit
222 1805 265 1879 vel
276 1805 387 1860 fortuna
398 1804 440 1859 vel
452 1804 539 1873 gloria
551 1807 582 1858 ut
594 1803 661 1858 nihil
678 1808 773 1875 posset
788 1805 928 1858 accedero:

81 1880 216 1935 moriendi
230 1884 323 1934 autem
338 1897 445 1934 sensum
460 1880 584 1934 celeritas
599 1880 719 1936 abstulit
757 1880 816 1945 Quo
831 1881 866 1934 de
881 1898 928 1950 gc-

83 1972 148 2009 nere
160 1956 255 2009 mortis
268 1954 374 2009 difficile
383 1955 459 2009 dictu
471 1960 515 2009 est
522 1978 528 2021 ;
547 1956 614 2025 quid
626 1957 747 2010 homines
759 1957 929 2025 suspieentur

82 2031 189 2085 uidetis
229 2031 287 2084 [loc
309 2047 373 2085 vere
390 2034 482 2096 tamur
503 2033 566 2086 licet
587 2032 686 2100 dicere,
707 2032 737 2085 P.
757 2033 874 2101 Scipioni
895 2049 929 2086 ex

82 2107 176 2160 multis
191 2105 288 2159 diebus
303 2122 371 2173 quos
388 2106 416 2159 in
431 2107 488 2161 rita
505 2107 696 2161 celeberrimos
714 2107 929 2177 laetissimosque

82 2182 184 2235 viderit
197 2181 273 2234 illum
288 2181 362 2234 diem
376 2181 554 2236 clarissimum
568 2182 659 2249 fuisse,
675 2198 759 2250 quum
774 2181 877 2236 Senatu
891 2183 930 2237 di-

83 2258 166 2311 misso
191 2257 301 2311 domum
325 2257 455 2312 reduetus
477 2258 514 2312 ad
533 2274 677 2328 vesperum
701 2262 744 2312 est
768 2274 785 2312 a
807 2259 931 2328 patribus

84 2334 251 2402 conscriptis,
274 2333 373 2402 populo
398 2333 528 2401 Romano,
553 2335 632 2388 sociis
656 2338 685 2388 et
705 2334 817 2411 Latinis,
842 2335 931 2404 pridie

83 2426 167 2477 quam
181 2409 297 2462 excessit
312 2427 328 2462 e
342 2410 413 2474 vita;
435 2414 467 2463 ut
484 2427 518 2464 cx
536 2412 593 2464 tam
611 2411 667 2465 alto
685 2410 827 2480 dignitatis
844 2411 931 2480 gradu

84 2484 121 2536 ad
139 2498 251 2550 superus
270 2483 395 2536 videatur
413 2485 479 2538 deos
496 2486 683 2554 potiusquam
701 2486 737 2539 ad
754 2486 854 2539 inferos
871 2501 929 2554 per-

87 2574 200 2612 vemsse.
776 2578 778 2582 ·

139 2633 187 2685 IV.
225 2638 264 2686 13.
289 2633 386 2701 Neque
404 2635 476 2688 cnirn
494 2637 627 2689 assentior
645 2636 679 2688 iis
696 2637 743 2705 qui
760 2636 828 2690 haec
844 2650 932 2703 nuper

86 2710 222 2764 disserere
231 2714 386 2776 coeperunt,
398 2726 459 2762 cum
471 2711 632 2778 corporibus
644 2711 723 2763 simul
735 2711 839 2764 animos
850 2709 933 2765 inter-

85 2788 126 2841 ire
145 2789 228 2854 atque
248 2784 337 2837 omnia
350 2789 439 2838 morte
454 2784 547 2839 deleri.
584 2785 649 2839 Plus
663 2786 736 2854 apud
751 2802 795 2839 me
809 2785 933 2855 antiqno

86 2880 146 2916 rum
158 2861 305 2915 auctoritas
312 2860 385 2915 valet
397 2861 439 2914 vel
451 2865 605 2915 nostrorum
614 2861 749 2930 majorum
759 2861 806 2930 qui
817 2861 934 2917 mortuis

85 2943 143 2992 tam
162 2937 288 3006 religiosa
302 2935 367 3004 jura
385 2936 548 3004 tribuerunt,
569 2937 643 3006 quod
661 2954 714 2992 non
730 2937 859 2992 fecissent
873 2954 934 3007 pro-

66 3011 151 3071 lecto,
166 3013 195 3061 si
201 3012 275 3065 nibil
283 3012 323 3065 ad
335 3029 383 3068 eos
392 3013 537 3084 pertinere
549 3013 753 3070 arbitrarentur
763 3035 773 3080 ·‚
785 3012 834 3066 uel
842 3028 947 3071 eorum

66 3081 157 3199 [21'1'11
176 3084 232 3167 dac
252 3091 331 3142 terra
351 3090 470 3148 fuerunt
488 3109 685 3165 magnamque
704 3089 866 3151 Graeciam,
882 3096 970 3156 uuae

92 3163 112 3199 e
125 3155 250 3219 qmdcm
263 3161 365 3224 deleta
381 3175 432 3229 est
446 3175 522 3231 tune
535 3171 675 3242 florebat,
686 3165 836 3227 institutis
847 3161 884 3217 et
890 3169 977 3228 prae·
