2084 3404
88 125 118 172 le
309 121 355 171 ni.
370 95 503 171 'aunan
520 123 711 172 cienneurs

86 203 140 257 tari
152 203 176 258 si
187 204 216 258 in
227 202 337 258 honeris
349 206 550 260 contentionem
561 205 734 260 incidissent:
746 208 852 275 pestem
865 207 938 262 enim

85 278 185 336 nullam
203 281 334 353 majorem
353 299 414 344 esse
448 281 476 335 in
495 283 621 336 amicitiis
645 300 727 351 quam
749 284 778 336 in
801 285 939 354 plerisque

87 362 218 428 pecuniae
245 360 432 427 cupiditatem,
457 359 485 411 in
510 359 620 427 optimis
644 358 798 428 quibusque
829 360 939 414 honoris

87 440 227 490 certamen
241 438 270 489 et
282 435 399 502 gloriae;
415 451 449 487 ex
462 449 516 502 quo
535 434 691 488 inimicitias
710 440 843 493 maximas
857 454 938 504 saepe

87 513 160 566 inter
172 512 349 565 amicissimos
364 510 508 563 exstitisse.
545 517 584 564 35.
604 509 706 578 Magna
724 512 807 564 etiam
825 512 939 565 discidia

88 592 118 642 et
129 589 290 656 plerumque
298 585 376 653 justa
387 585 469 652 nasci,
484 603 568 654 quum
587 587 691 654 aliquid
705 587 740 640 ab
755 587 847 640 amicis
864 587 939 655 quod

87 668 193 716 rectum
205 679 259 715 nen
275 665 350 715 esset
365 661 560 730 postularetur,
577 666 610 731 ut
621 667 669 715 aut
685 662 806 716 libidinis
821 663 938 715 ministri

87 742 136 792 aut
147 738 290 806 adjutores
301 741 393 791 essent
406 736 443 789 ad
453 735 587 805 injuriam.
624 738 703 802 Quod
716 739 762 806 qui
774 739 939 806 recusarent,
1021 742 1030 755 ⁰

87 814 211 884 quamvis
223 812 338 866 honeste
349 813 379 865 id
390 811 519 878 facerent,
536 813 584 881 jus
596 817 688 867 tamen
708 814 843 868 amicitiae
863 814 940 867 dese·

87 906 149 944 rere
173 892 356 956 arguerentur
372 887 408 940 ab
425 888 459 940 iis
484 888 584 956 quibus
603 888 715 956 obsequi
734 889 854 953 nollent;
878 890 939 942 illes
1033 945 1035 950 ,

87 968 188 1032 autem,
201 964 248 1031 qui
261 963 370 1032 quidvis
382 963 417 1016 ab
429 963 656 1017 amicoauderent
665 965 812 1033 postulare,
821 965 939 1032 postula-

88 1042 162 1095 tione
175 1043 234 1110 ipsa
245 1035 472 1109 profiteri'omnia
484 1056 514 1093 se
530 1040 610 1093 amici
627 1056 708 1093 causa
726 1056 789 1094 esse
803 1039 938 1094 facturos:

88 1134 181 1170 cerum
200 1116 488 1185 querelainvcteratas
507 1132 561 1168 non
577 1116 659 1170 modo
677 1115 876 1170 familiaritates
896 1134 941 1170 ex-

89 1194 190 1262 stingui
203 1194 298 1261 solere,
311 1191 360 1246 sed
373 1193 455 1246 etiam
476 1193 540 1246 odia
559 1193 635 1261 gigni
656 1194 827 1261 sempiterna.
865 1193 940 1245 Hace

89 1271 128 1323 ita
140 1271 226 1324 multa
236 1269 313 1338 quasi
329 1269 387 1322 fata
398 1269 558 1337 impendere
573 1270 701 1322 amicitiis
719 1273 750 1322 ut
768 1269 857 1322 emnia
879 1267 940 1320 sub-

88 1347 228 1412 terfugere
247 1362 300 1397 non
320 1342 400 1397 mode
413 1343 563 1411 sapientiae
580 1343 630 1396 sed
648 1345 731 1396 ctiam
743 1343 881 1396 felicitatis
899 1343 940 1394 di-

89 1426 165 1474 caret
176 1421 227 1474 sibi
237 1420 331 1474 videri.
669 1440 672 1447 ⁴
858 1462 861 1466 .
991 1414 993 1418 '

142 1495 195 1548 XI.
213 1501 253 1548 36.
274 1493 456 1557 Quamobrem
467 1493 497 1546 id
509 1493 627 1560 primum
637 1493 785 1559 videamus,
804 1493 826 1545 si
842 1493 939 1561 placet,

89 1575 225 1640 quatenus
244 1586 321 1623 amer
341 1569 369 1621 in
388 1569 510 1622 amicitia
525 1568 655 1637 progredi
674 1567 782 1621 debeat.
818 1569 899 1636 Num,
915 1569 939 1622 si

90 1647 249 1701 Coriolanus
257 1645 354 1699 habuit
366 1644 474 1712 amices,
487 1645 560 1698 ferre
573 1648 668 1697 eontra
677 1643 794 1712 patriam
808 1661 884 1697 arma
900 1645 951 1698 illi·

90 1740 151 1777 cum
177 1722 318 1777 Coriolano
344 1719 519 1774 debuerunti
559 1720 633 1772 Num
661 1719 837 1773 Viscellinum
861 1720 940 1773 amici

90 1815 205 1867 regnum
223 1800 405 1866 appetentem,
424 1813 489 1850 num
508 1797 552 1865 Sp.
573 1794 704 1850 Maehum
722 1795 878 1850 debuerunt
894 1796 939 1864 ju-

92 1878 179 1929 varet
216 1879 256 1930 37.
275 1873 314 1926 Ti.
326 1872 439 1940 quidem
451 1873 604 1926 Gracchum
615 1889 675 1926 rem
686 1872 823 1941 publicam
843 1889 942 1927 vexan·
1005 1922 1007 1926 Α

91 1956 148 2005 tem
172 1968 188 2004 a
213 1950 244 2014 Q.
266 1949 410 2002 Tuberone
428 1949 642 2017 aequalibusque
663 1948 756 2002 amicis
780 1949 941 2004 derelictum

90 2027 259 2081 videbamus.
296 2028 338 2079 At
357 2025 386 2079 C.
402 2024 524 2078 Blossius
548 2025 685 2079 Cumanus
705 2025 803 2093 hospes
823 2025 942 2078 familiae

91 2111 207 2171 vestrae,
227 2101 364 2168 Scaevola,
385 2117 469 2169 quum
482 2100 574 2154 adme
586 2099 758 2168 quiaderam
778 2101 892 2155 Laenati
912 2104 942 2154 et
1022 2113 1024 2118 ’

93 2181 202 2250 Rupilio
215 2177 368 2232 consulibus
378 2177 406 2230 iu
418 2176 528 2230 consilio
540 2176 717 2245 deprecatum
729 2176 856 2241 venisset,
874 2176 942 2230 hane

91 2261 123 2310 ut
147 2256 200 2323 sibi
216 2255 393 2323 ignoscerem
416 2269 525 2306 causam
546 2252 686 2320 afferebat,
710 2253 784 2320 qued
807 2253 878 2306 tanti
902 2253 943 2306 Ti.

93 2333 246 2386 Gracchum
257 2331 368 2384 fecisset
379 2333 411 2383 ut
423 2329 559 2398 quidquid
571 2329 617 2383 ille
628 2329 711 2383 vellet
724 2328 777 2382 sibi
789 2328 942 2382 faciendum
969 2351 970 2354 ¹

92 2412 209 2476 putaret.
246 2407 315 2460 Tum
335 2423 394 2474 ego,
407 2406 542 2471 Etiamne,
559 2405 702 2475 [inquens]
723 2406 747 2459 si
767 2409 796 2460 te
815 2405 844 2458 in
865 2405 943 2472 Capi-

92 2484 188 2538 tolium
207 2483 280 2535 faces
298 2483 370 2534 ferre
389 2482 492 2536 velletf
528 2482 683 2549 Nunquam,
696 2482 792 2550 inquit,
810 2479 942 2533 voluisset
1016 2499 1021 2508 ·

92 2559 122 2610 id
147 2556 267 2625 quidem.
303 2557 365 2623 Sed,
393 2557 415 2609 si
438 2556 587 2610 voluisset?
627 2557 789 2609 Paruissem.
833 2553 942 2606 Videtis

93 2649 175 2702 quam
187 2632 290 2685 nefaria
309 2648 369 2684 vox.
404 2631 441 2685 Et
457 2632 549 2685 hercle
568 2631 608 2684 ita
624 2632 700 2694 fecit,
720 2631 764 2684 vel
780 2628 842 2696 plus
859 2627 942 2681 etiam

93 2725 174 2779 quam
185 2707 270 2770 dixit;
286 2705 425 2759 nonenim
438 2706 530 2774 paruit
548 2705 595 2758 ille
614 2705 652 2757 Ti.
666 2704 781 2759 Gracchi
793 2701 944 2757 temeritati
997 2705 1004 2720 ’

93 2785 143 2839 sed
154 2783 281 2853 praefuit,
293 2799 343 2836 nec
363 2798 392 2835 se
412 2782 539 2835 comitem
557 2781 631 2834 illius
649 2779 749 2833 furoris
775 2779 825 2834 sed
846 2779 944 2832 ducem

92 2861 228 2933 praebuit.
264 2861 364 2928 Itaque
376 2858 427 2911 hec
438 2858 565 2924 amentia,
578 2856 739 2925 quaestione
750 2872 821 2910 nova
837 2859 944 2923 perter-

91 2942 171 3005 ritus,
181 2941 209 2992 in
222 2937 318 2991 Asiam
338 2935 468 3005 profugit,
484 2935 521 2987 ed
539 2933 633 2987 hostes
651 2949 680 2987 se
701 2932 823 2999 eontulit,
842 2947 945 3000 poenas

74 3014 264 3078 reipublicae
272 3028 376 3080 graves
384 3010 534 3083 justasque
545 3009 685 3082 persolvit.
719 3008 803 3062 Nulla
809 3012 852 3062 est
860 3007 946 3074 igitur

13 3082 17 3141 t
58 3087 214 3139 excusatio
227 3090 344 3154 peccati
357 3090 384 3146 si
401 3090 488 3147 amici
503 3106 592 3147 causa
605 3084 864 3160 peccatoris-,nam
873 3097 963 3147 quun

41 3157 235 3214 conciliatrix
252 3167 407 3228 amicitiae
427 3170 554 3230 virtutis
572 3166 671 3243 opinio
684 3162 787 3230 tuerit,
800 3154 918 3213 ffiffiff
933 3152 981 3204 Ψ
