2084 3404
107 123 137 169 86
293 153 296 159 ,
335 119 373 172 M.
391 120 519 172 TULLII
542 118 730 173 CICERONIS

203 250 243 300 33.
278 249 317 299 M.
335 250 462 299 cronno
479 250 556 300 IMP.
575 242 600 301 s.
619 252 652 302 D.
670 253 709 301 Μ.
727 253 858 304 onnam

417 331 548 400 anaim
566 333 646 398 cun.

378 429 416 492 (11.
431 430 469 478 ll.
504 431 685 492 ausiti.)

107 507 144 560 M.
160 508 254 576 Fabio,
266 508 325 562 viro
337 509 441 576 optimo
457 511 487 561 et
501 508 611 563 homine
625 506 791 579 doctissimo,
804 514 957 569 familiaris·

106 587 175 638 sime
191 589 255 639 utor
273 585 441 652 mirificeque
453 601 517 638 eum
535 585 627 654 diligo,
647 604 731 655 quum
747 594 863 658 propter
882 608 955 644 sum-

106 678 181 713 mum
193 661 330 728 ingenium
340 659 399 727 ejus
412 676 600 730 summamque
610 663 761 717 doctrinam
771 668 830 718 tum
841 671 956 735 propter

106 736 272 802 singularem
287 736 458 791 modestiam.
496 737 563 806 Ejus
577 739 717 806 negotium
729 739 768 793 sic
779 742 861 795 velim
874 743 957 796 susci-

106 813 165 880 pias
175 816 207 866 ut
218 812 241 865 si
254 816 327 866 esset
338 829 383 866 rcs
392 830 460 867 mea.
485 813 556 866 Novi
569 831 620 882 ego
629 831 676 868 ves
685 832 799 883 magnos
810 821 954 885 patronos:

106 888 243 942 hominem
254 889 360 954 occidat
371 893 481 961 oportet
493 891 540 959 qui
553 894 644 944 vestra
656 907 738 959 opera
749 893 791 945 uti
803 894 887 958 velit3
905 895 956 948 sed

107 965 136 1016 in
159 965 211 1019 hoc
235 966 344 1020 homine
362 967 465 1020 nullam
484 967 586 1034 accipio
610 967 819 1022 excusationem.
857 969 957 1023 Omnia

107 1041 246 1110 relinques
265 1043 288 1095 si
308 1060 351 1096 me
373 1043 485 1108 amabis,
498 1036 590 1111 ‘quum
612 1046 661 1096 tua
684 1060 767 1111 opera
791 1044 893 1098 Fabius
913 1046 957 1099 uti

72 1162 75 1167 .
107 1118 187 1172 volet.
224 1119 283 1187 Ego
295 1136 340 1173 res
358 1119 494 1173 Romanas
502 1119 684 1173 .vehementer
698 1124 827 1188 exspecto
842 1124 871 1175 et
884 1120 957 1174 desi-

107 1193 189 1262 dero;
207 1195 235 1247 in
248 1196 396 1265 primisque
408 1195 477 1264 quid
489 1211 554 1262 agas
567 1195 636 1249 seire
647 1195 734 1264 cupio.
766 1196 838 1250 Nam
846 1196 957 1265 jamdiu

107 1276 221 1338 propter
239 1272 336 1326 hiemis
356 1271 574 1340 magnitudinem
592 1271 660 1324 nihil
679 1271 742 1325 novi
762 1271 799 1326 ad
822 1289 872 1326 nos
892 1271 957 1326 aile-

107 1347 228 1401 rebatur.

240 1485 242 1490 ·
340 1465 379 1512 34.
415 1463 542 1511 CICERO
560 1464 679 1512 CASSIO
696 1464 720 1511 S.

394 1574 443 1610 nu.
458 1564 480 1609 6.
515 1575 540 1609 a.
555 1574 579 1609 a.
593 1574 614 1610 c.
629 1561 683 1612 711.

108 1620 160 1707 Qui
182 1645 271 1702 status
291 1562 565 1698 rerum(fuerittu1n
585 1659 669 1710 quum
687 1563 738 1696 bas
762 1639 858 1697 literas
882 1640 956 1712 dcdi,

107 1719 176 1772 scire
192 1719 296 1791 poteris
309 1737 344 1774 ex
355 1720 385 1774 O.
399 1718 478 1773 Tidio
491 1717 633 1784 Strabone,
646 1719 705 1771 viro
721 1718 792 1772 bono
809 1723 838 1774 et
852 1714 960 1791 optime¹

107 1795 143 1848 de
158 1813 188 1849 re
205 1796 315 1864 publica
330 1795 485 1861 sentiente3
509 1810 571 1846 nam
587 1793 655 1862 quid
673 1794 762 1847 dicam
780 1795 957 1864 cupidissimo

107 1872 156 1939 tui,
170 1873 216 1939 qui
229 1872 310 1925 domo
322 1875 351 1925 ot
362 1872 477 1924 fortunis
490 1871 592 1923 relictis
607 1871 643 1922 ad
658 1873 687 1923 te
702 1870 877 1938 potissimum
894 1889 957 1940 pro

107 1948 195 2000 fectus
213 1948 268 2001 sitl
305 1947 404 2014 ltaque
427 1962 490 1999 eum
514 1944 565 1998 tibi
589 1962 624 1999 ue
647 1947 809 2000 commendo
828 1948 956 2016 quidem:

107 2023 241 2076 adventus
253 2023 338 2090 ipsius
349 2022 385 2073 ad
397 2024 425 2073 te
439 2019 505 2073 satis
518 2037 579 2073 emn
588 2022 797 2076 coriamondabit.
823 2024 864 2076 I'u
875 2024 957 2078 velim

107 2101 146 2153 sio
159 2099 299 2152 existimes
310 2098 416 2165 tibique
427 2096 594 2163 persuadeas
607 2113 686 2150 omne
699 2099 855 2166 perfugium
874 2099 958 2154 bono·

107 2193 168 2229 rum
182 2176 211 2229 iu
224 2179 252 2230 te
263 2179 293 2229 et
305 2176 393 2228 Bruto
408 2186 470 2226 esse
484 2173 612 2242 positum,
625 2172 648 2224 si
661 2173 735 2241 qaod
747 2174 830 2227 nolim
847 2175 958 2229 advorsi

107 2254 176 2321 quid
194 2253 321 2307 evenerit.
356 2251 413 2304 Res
432 2267 517 2319 quum
534 2250 602 2302 hacc
621 2248 773 2302 scribebam
790 2251 892 2304 eratin
911 2263 956 2321 cs·

107 2335 226 2385 tremum
242 2329 364 2383 adducta
379 2328 532 2381 discrimen.
570 2326 674 2378 Brutus
689 2325 760 2378 enim
774 2326 898 2381 Mutinae
910 2328 958 2381 rix

102 2406 162 2474 jam
176 2405 335 2477 sustinebat.
372 2404 424 2468 Qui
438 2404 460 2457 si
473 2406 647 2456 conservatus
660 2402 721 2467 erit,
733 2403 861 2458 vicimus:
880 2404 958 2456 sin-

108 2483 182 2550 quod
201 2483 240 2534 dii
257 2480 589 2545 omenas·ertant‚0n1uis
609 2479 728 2530 omnium
747 2495 842 2532 cursus
860 2482 904 2533 est
921 2480 958 2533 ad

108 2574 161 2609 vos.
198 2557 317 2609 Proinde
335 2557 378 2609 fac
395 2557 515 2609 animum
539 2560 648 2609 tantum
669 2552 771 2607 habeas
792 2558 958 2622 tantumque

106 2635 267 2702 apparatum
281 2635 384 2700 quanto
397 2647 464 2699 opus
481 2635 524 2685 est
535 2632 571 2684 ad
583 2630 736 2683 universam
749 2647 807 2683 rem
819 2624 957 2698 public'am

109 2708 319 2779 reciperandam.
357 2706 433 2759 Vale.

344 2837 383 2885 35.
413 2829 675 2904 CICERO-CASSIO
692 2836 717 2883 S.

376 2933 434 2996 (nu.
453 2934 476 2981 9.
511 2945 537 2980 A.
551 2945 576 2980 u,
591 2944 612 2979 c.
627 2930 693 2993 711.)

83 3010 224 3068 Brevitas
234 3019 348 3070 tuarum
357 3016 506 3073 literarum
517 3031 565 3070 me
576 3011 849 3086 quoquebncsiorem
856 3010 959 3064 inscri-

69 3078 172 3137 bendo
192 3092 266 3148 facit
274 3117 283 3161 ;
310 3100 341 3152 et
358 3114 427 3154 vers
443 3099 481 3154 ut
495 3095 598 3164 dicam,
613 3089 758 3149 nonsatis
771 3086 894 3141 securim
908 3085 980 3148 amu

52 3157 200 3220 ’01ῘῦοΜ
242 3171 380 3232 Nostros
397 3177 480 3235 enim
493 3193 544 3235 ros
556 3175 590 3232 in
600 3162 816 3240 actisocrierri
824 3158 908 3212 adse
918 3157 997 3205 seria
