2084 3404
286 117 378 166 ΟΑΤΟ
396 117 527 166 MAJOR.
562 117 641 166 oAP.
659 117 738 167 XIX.
908 123 941 170 23

91 214 155 253 rare
166 198 240 253 idem
252 215 335 253 senex
347 215 400 252 non
412 201 511 268 potest.
548 197 716 267 Insipienter
728 203 829 267 sperat
867 199 941 266 Quid

91 276 165 328 enim
177 275 288 329 stultius
306 293 388 343 quam
406 276 511 329 incerta
527 292 578 345 pro
596 277 679 330 certis
691 276 799 343 habere,
809 277 878 331 falsa
890 294 940 347 pro

91 351 179 405 voris?
216 351 305 404 Senex
322 351 449 418 nequod
467 357 560 420 speret
578 354 689 424 quidem
707 355 800 407 habet.
827 354 879 406 dt
896 358 940 408 est

90 438 124 475 co
146 425 258 479 meliore
279 425 434 480 conditione
457 443 539 496 quam
562 427 727 501 adolescens,
749 429 879 494 quoniam
904 428 940 494 id,

90 499 165 566 quod
180 500 226 551 ille
239 507 340 566 sperat,
352 501 395 554 hio
407 501 492 570 [jam]
502 505 663 556 consecutus
675 507 726 556 est.
757 501 810 554 Ille
822 502 881 555 vult
894 502 941 554 diu

93 565 201 636 vivere}
215 571 263 623 -hic
275 569 324 623 diu
334 571 412 624 uixit.
440 576 481 624 69.
501 571 679 641 Quamquam,
692 589 708 624 ο
721 571 766 623 Dii
778 570 856 624 boni!
876 571 943 639 quid

93 651 139 700 ost
156 647 185 698 in
203 645 318 699 hominis
330 647 388 699 vita
406 646 467 700 diu!
506 647 549 700 Da
561 648 633 700 enim
646 663 803 715 supremum
819 650 942 714 tempus:

93 724 283 789 exspectemus
301 721 499 776 Tartessiorum
516 722 589 790 regis
607 727 732 778 aetatem.
773 723 838 775 Fuit
862 723 941 783 eninr,

94 802 127 849 ut
146 797 277 864 scriptum
294 797 380 865 video,
401 798 604 866 Arganthonius
622 798 735 865 quidam
753 797 876 853 Gadibus
894 799 942 866 qui

95 873 233 940 octoginta
243 874 367 942 regnavit
379 891 470 942 annos,
490 877 598 928 eentum
616 879 646 927 et
661 874 759 942 viginti
774 875 851 927 vixit.
887 874 942 927 Sed

95 948 161 1001 mihi
181 966 217 1003 ne
236 949 397 1004 diuturnum
415 951 526 1018 quidem
544 949 694 1017 quidquam
713 949 824 1003 videtur
841 950 870 1002 in
887 966 942 1018 quo

95 1027 138 1077 est
148 1026 252 1094 aliquid
264 1029 431 1080 extremum:
444 1043 528 1094 quum
541 1026 613 1078 enim
625 1025 655 1077 id
666 1026 785 1094 advenit,
797 1030 862 1079 tuno
874 1025 942 1078 illud

95 1101 169 1168 quod
182 1101 326 1168 praeteriit
340 1101 459 1154 effluxit:
478 1104 587 1153 tantum
604 1104 729 1154 remanat
742 1100 821 1168 'quod
838 1101 941 1154 virtute

95 1179 124 1228 et
136 1179 210 1228 recte
222 1175 471 1243 saetisveonsecutus
484 1175 528 1227 sis.
564 1175 657 1227 Horae
669 1174 781 1242 quidem
793 1175 894 1227 cedunt
912 1179 941 1228 et

95 1251 154 1303 dies
166 1253 195 1302 et
206 1265 313 1301 menses
325 1252 354 1302 et
366 1249 437 1316 anui,
444 1256 499 1302 -nec
510 1250 689 1318 praeteritum
701 1253 810 1319 tempus
821 1266 941 1317 unquam

95 1325 251 1391 revertitur,
264 1341 315 1378 nec
327 1325 394 1392 quid
406 1329 537 1393 sequatur
546 1324 609 1378 sciri
620 1327 720 1393 potest.
752 1323 832 1388 Quod
843 1325 941 1392 cuique

94 1401 225 1469 temporis
241 1400 277 1453 ad
294 1400 439 1454 vivendum
457 1401 546 1468 datur,
564 1417 596 1454 eo
616 1399 699 1454 debat
715 1415 775 1453 esse
788 1402 939 1453 contentus.

41 1528 44 1533 .
95 1480 135 1535 70.
153 1477 251 1545 Neque
268 1476 341 1530 enim
358 1476 484 1530 histrioni
495 1480 533 1531 'ut
550 1477 656 1546 placeat
674 1475 832 1545 peragenda
849 1474 941 1529 fabula

95 1557 151 1618 est;
169 1554 249 1606 modo
267 1553 296 1606 in
314 1569 475 1622 quocunque
492 1553 576 1606 fuerit
593 1556 657 1606 actu
668 1551 815 1620 probetur;
833 1566 884 1604 nec
898 1567 941 1603 sa-

94 1629 180 1697 pienti
197 1646 285 1697 usque
303 1628 340 1681 ad
352 1626 480 1682 Plaudite
492 1627 655 1682 veniendum
673 1631 723 1680 est.
760 1627 849 1680 Breve
867 1625 939 1679 enim

94 1707 202 1774 tempus
226 1703 326 1758 aetatis
351 1705 417 1758 satis
439 1708 482 1758 est
503 1704 613 1771 longum
631 1702 756 1756 adbene
772 1701 940 1769 honesteque

94 1775 248 1834 vivendum.
284 1780 332 1834 Sin
349 1779 513 1849 processeris
536 1778 649 1846 longius,
671 1795 725 1831 non
743 1777 830 1844 magis
848 1777 940 1829 dolen-

96 1855 162 1907 dum
179 1859 222 1908 ost
240 1871 322 1922 quam
339 1855 472 1922 agricolao
492 1855 593 1922 dolent,
611 1853 761 1922 praeterita
776 1851 853 1906 verni
871 1855 940 1905 tem-

95 1929 170 1998 poris
191 1931 324 1983 suavitate
342 1933 475 1984 aestatem
497 1933 712 1998 autumnumque
730 1928 843 1982 venisse.
881 1927 940 1981 Ver

95 2005 168 2059 euim
195 2009 334 2073 tamquam
361 2006 573 2060 adolescentiam
602 2005 736 2072 significat
763 2004 939 2071 ostenditque

94 2080 200 2138 fmctus
213 2081 334 2135 futuros:
351 2081 457 2149 reliqua
473 2084 597 2149 tempora
616 2079 788 2133 demetendis
805 2078 939 2132 fructibus

95 2159 125 2208 et
136 2156 318 2225 percipiendis
331 2153 534 2210 accommodata
545 2159 615 2208 sunt.
652 2159 692 2212 71.
711 2154 828 2206 Fructus
847 2157 939 2206 autem

95 2233 244 2285 senectutis
262 2235 360 2296 estut
378 2247 460 2298 saepe
481 2231 546 2296 dixi,
565 2233 629 2282 ante
647 2231 788 2298 partorum
808 2227 940 2280 bonorum

96 2306 227 2358 memoria
244 2310 273 2358 et
284 2305 367 2373 eopia.
404 2306 502 2358 Omnia
517 2321 589 2372 vero,
607 2320 678 2371 quae
696 2303 844 2357 secundum
861 2306 939 2356 natu-

96 2396 155 2432 ram
168 2380 244 2445 fiunt,
258 2383 322 2432 suut
334 2379 459 2433 habenda
470 2381 499 2432 in
510 2379 594 2433 bonis.
632 2378 705 2443 Quid
716 2382 759 2432 est
775 2381 867 2432 autem
882 2381 939 2431 tam

96 2454 246 2508 secundum
270 2458 396 2507 naturam
417 2471 499 2522 quam
519 2455 629 2509 senibus
647 2455 750 2508 emoril
775 2454 849 2522 quod
866 2454 939 2507 idem

96 2531 237 2598 contingit
250 2530 468 2601 adolescentibus
485 2531 653 2585 adversante.
665 2533 694 2584 et
710 2533 878 2600 repugnante
894 2546 940 2582 na-

96 2611 166 2661 tura„
202 2607 302 2676 Itaque
320 2607 505 2661 adolescentes
522 2607 591 2660 mori
609 2608 647 2661 sic
668 2607 734 2660 mihi
755 2606 889 2669 uidentur,
907 2608 940 2657 ut

22 2746 25 2751 ι
96 2700 180 2751 quum
192 2699 279 2751 aquae
292 2682 469 2736 multitudino
480 2684 520 2736 vis
532 2683 656 2737 flammae
668 2682 843 2752 opprimitur:
862 2697 939 2733 senos

96 2763 189 2812 autom
202 2759 281 2812 siout
298 2775 347 2812 sua
366 2762 463 2826 sponte
483 2758 559 2811 nulla
579 2758 702 2811 adhibita
718 2758 745 2812 ui
764 2758 939 2822 consumptus

97 2834 167 2901 ignis
190 2829 385 2901 exstinguitur:
416 2838 445 2889 et
473 2835 550 2903 quasi
573 2851 654 2902 poma
680 2851 715 2887 ex
743 2831 893 2894 arboribus,
916 2830 941 2882 si

38 2976 42 2983 ⁸
69 2927 71 2930 ’
97 2910 181 2962 cruda
199 2914 269 2978 sunt,
290 2911 317 2963 vi
353 2910 521 2974 avelluntur;
546 2910 569 2962 si
586 2913 695 2963 matura
715 2911 745 2961 et
765 2908 851 2965 eoem
869 2903 894 2953 d
921 2903 928 2917 ⁶

98 2985 184 3038 dunt:
201 2986 239 3039 sic
254 2987 338 3040 vitam
356 2984 581 3040 adolescentibus
588 2985 636 3037 uis
648 2983 759 3042 autent„
770 2975 895 3026 saum·

94 3059 192 3112 tuntas
201 3080 210 3126 ,·
235 3079 310 3131 quae
330 3064 451 3134 quidem
470 3062 545 3117 mibi
560 3064 628 3114 tam
648 3050 787 3137 'tffilffl‘
805 3043 857 3090 ὠ
869 3036 955 3140 wls&

79 3133 199 3203 propius
228 3137 268 3194 ad
302 3145 430 3198 mortem
462 3138 621 3202 accedam,
649 3141 743 3198 quast
764 3121 891 3168 mm

927 3314 976 3335 ,A
