2084 3404
132 123 163 172 aa
358 120 396 169 M.
415 117 543 170 rosan
565 99 782 176 cressonis<

131 221 233 273 genera
251 203 306 257 duo
326 219 396 272 quae
414 219 460 256 mo
484 212 582 270 magno
606 216 689 268 opere
714 200 866 266 delectant3
896 218 981 256 unum

121 281 264 335 ¹familiare
278 279 448 348 etjecosnm,
461 279 578 332 alterum
596 294 721 331 severum
739 282 767 330 et
780 295 870 346 grave.
907 279 980 332 Utro

131 375 176 412 me
191 357 280 411 minus
294 357 391 415 deceat
405 357 447 409 uti
464 372 518 409 non
529 355 660 422 intelligo.
697 356 714 408 J
717 371 816 409 ocorne
826 359 917 408 tecum
929 372 981 423 per

131 434 244 489 literas?
281 433 374 490 Civem
388 432 544 486 mehercule
558 448 612 487 non
628 434 696 500 puto
710 449 771 486 esse
786 428 837 501 qui
850 431 980 499 tempori-

133 510 183 564 bus
206 511 249 565 his
272 510 364 564 ridere
388 510 481 578 possit.
519 511 566 562 An
589 509 699 576 gravius
718 508 824 577 aliquid
841 506 979 562 scribam?

131 586 199 653 quid
222 589 267 641 est
290 584 365 654 quod
388 586 475 653 possit
498 584 621 652 graviter
644 599 660 639 a
681 584 813 638 Cicerone
838 582 926 637 scribi.
943 583 979 636 ad

132 663 277 717 Curionem
300 663 352 715 nisi
371 662 406 715 de
424 679 455 714 re
478 661 608 730 publicai
644 663 739 729 Atque
758 661 786 713 in
807 661 858 714 boc
878 677 979 728 genere

132 740 198 792 baec
210 755 272 793 mea
283 755 364 792 causa
376 743 426 805 est,
438 739 471 791 ut
483 754 573 807 neque
586 754 620 792 ca
632 755 701 806 quae
713 755 784 791 nunc
796 738 885 791 sentio
897 737 979 790 velim

131 813 258 867 scribere.
295 813 485 879 Quamobrem,
499 815 626 882 qnoniam
643 814 708 866 milri
724 813 829 866 nullum
841 812 979 866 scribendi

131 893 322 956 argumentum
346 891 471 944 relictum
490 893 541 955 est,
559 893 622 944 utar
639 893 672 942 ea
689 889 808 942 clausula
826 906 880 956 qua
898 888 980 956 soleo,

131 970 214 1032 teque
226 966 263 1020 ad
273 967 530 1023 studiumsummae
542 966 631 1021 laudis
643 965 812 1019 cohortabor.
822 986 829 994 ·
843 965 894 1019 Est
906 966 979 1019 enirn

131 1041 183 1094 tibi
197 1043 288 1110 gravis
303 1043 459 1096 adversaria
475 1043 627 1112 constituta
644 1046 673 1096 et
690 1045 792 1110 parata
811 1041 980 1095 incredibilis

131 1119 267 1184 quaedam
279 1120 454 1188 exspectatio,
467 1135 548 1188 quam
560 1123 592 1172 tu
603 1135 696 1171 unare
707 1117 834 1171 facillime
846 1117 944 1185 vinces,
956 1119 993 1188 si¹

131 1193 182 1247 hoc
194 1196 332 1262 statueris,
345 1212 460 1263 quarum
472 1195 583 1247 laudum
595 1195 709 1262 gloriam
721 1193 866 1260 ademeris,
878 1194 979 1262 quibus

131 1271 236 1325 artibus
249 1289 298 1326 eae
309 1272 405 1324 laudes
417 1275 615 1340 comparantur,
625 1273 652 1324 in
665 1271 697 1324 iis
706 1287 766 1324 esse
775 1270 977 1332 elaborandum,

134 1349 165 1400 ln
182 1349 253 1402 hanc
270 1350 433 1402 sententiam
451 1347 598 1400 scriberem
614 1348 699 1416 plura
711 1347 763 1400 nisi
780 1351 808 1400 te
820 1351 870 1400 tua
881 1351 979 1416 sponte

131 1424 198 1475 satis
209 1424 353 1477 incitatum
366 1440 425 1476 esse
438 1424 617 1476 confiderem:
639 1427 668 1475 ot
685 1423 736 1476 hoo
749 1423 884 1492 quidquid
898 1423 979 1491 attigi

131 1515 184 1550 non
199 1498 251 1551 foci
268 1498 452 1552 inflammandi
467 1498 508 1550 tui
528 1515 609 1551 causa
628 1498 676 1551 scd
694 1499 861 1553 testificandi
879 1501 978 1554 amoris

131 1589 191 1626 mer.

365 1669 404 1719 38.
438 1669 565 1716 CICERO
582 1668 700 1717 BRUTO
716 1669 741 1716 S.

384 1759 505 1822 (xlmll.
540 1759 722 1820 mucius)

91 1874 93 1878 -
132 1838 163 1892 L.
176 1838 247 1893 Titio
263 1837 403 1906 Strabone,
416 1839 509 1908 equite
523 1838 653 1902 Romano,
665 1840 693 1892 in
705 1840 802 1908 primis
818 1840 932 1894 honesto
948 1842 979 1894 et

130 1918 227 1968 ornato
240 1915 450 1969 familiarissime
465 1918 535 1970 utor.
572 1916 671 1968 Omnia
687 1915 753 1968 milri
768 1932 829 1968 curn
846 1933 878 1969 eo
894 1906 978 1970 intor-

130 1990 231 2043 ccrlnnt
241 1989 307 2057 jura
323 1991 444 2043 summae
460 1991 675 2045 necessitudinis.
713 1991 786 2044 Huic
805 1992 833 2044 in
852 1996 899 2045 tua
916 2008 979 2060 pro-

131 2065 216 2118 vincia
232 2065 374 2133 pecuniam
386 2065 469 2118 debet
483 2066 511 2119 P.
526 2066 673 2120 Cornelius.
710 2066 750 2118 Ea
762 2082 807 2119 res
819 2083 835 2119 a
845 2066 978 2135 Volcatio,

130 2142 177 2209 qni
194 2142 296 2196 Romae
308 2141 356 2208 jus
370 2142 444 2208 dicit,
459 2141 562 2209 rejecta
575 2142 603 2194 in
619 2142 735 2196 Galliam
752 2145 802 2195 cst.
839 2141 908 2196 Peto
920 2160 936 2195 a
948 2148 979 2198 tc

130 2219 180 2271 hoc
199 2218 358 2287 diligentius
377 2235 459 2288 quam
477 2218 499 2271 si
516 2234 577 2271 mea
592 2235 636 2271 res
655 2221 736 2285 esset,
750 2235 803 2287 qno
822 2221 864 2272 cst
881 2218 978 2273 hones-

129 2296 184 2347 tius
207 2295 242 2349 de
261 2296 408 2348 anticorum
426 2294 541 2363 pecunia
563 2294 689 2348 laborare
709 2311 791 2364 qnam
811 2295 847 2348 de
872 2312 927 2362 sua,
946 2297 979 2350 ut

129 2373 269 2438 negotium
288 2371 484 2425 conficiendum
504 2387 590 2438 cures,
605 2372 663 2440 ipse
683 2371 819 2439 suscipias
834 2373 977 2439 transigas,

129 2465 294 2515 operamque
307 2449 363 2511 dos
377 2448 468 2516 quoad
481 2447 531 2501 tibi
544 2464 661 2516 aequum
674 2452 703 2500 ot
715 2452 820 2500 rectum
831 2448 978 2514 videbitur,

128 2527 159 2574 nt
179 2539 262 2588 quarn
278 2523 495 2576 commodissima
513 2523 667 2576 conditione
687 2523 804 2575 libertus
829 2523 978 2588 Strabonis,

129 2597 176 2665 qui
197 2596 257 2663 ojus
277 2598 317 2650 rei
338 2615 419 2650 causa
438 2599 536 2651 missus
561 2604 611 2664 est,
632 2601 771 2667 nogotium
797 2600 921 2652 conficiat
941 2600 978 2654 ad

128 2689 306 2740 nummosque
323 2675 472 2742 perveniat.
509 2676 544 2728 ld
556 2680 585 2728 ot
598 2676 664 2728 milri
677 2675 861 2742 gratissimum
874 2676 935 2741 orit,
948 2678 978 2730 et

127 2750 233 2818 tuipse
250 2749 281 2805 ll.
298 2750 400 2803 Titium
414 2767 559 2818 cognosces
577 2752 696 2804 amicitia
714 2756 761 2805 tua
779 2751 977 2818 dignissimum.

129 2827 208 2891 Quod
226 2830 258 2881 ut
275 2825 327 2880 tibi
345 2842 426 2880 curae
444 2828 486 2893 sit,
504 2832 536 2880 ut
554 2829 643 2880 omnia
661 2827 749 2880 solent
767 2844 826 2881 esso
845 2843 915 2893 quae
933 2845 978 2884 mo

126 2903 197 2956 rollo
207 2904 269 2973 scis,
283 2907 313 2958 te
325 2903 501 2958 vehomenter
513 2905 596 2957 etiam
609 2907 692 2972 atque
704 2904 787 2956 otiam
800 2919 873 2970 rogo.

344 3003 387 3067 39.
421 3017 553 3069 cresso
570 3015 762 3066 susannis.

62 3145 141 3218 ,Ego
157 3161 193 3215 to
207 3103 509 3236 eornnrcndailbllnrin
522 3098 731 3244 ubsl8t23722l
742 3166 817 3239 <wll
825 3159 1026 3234 mmmm
