2084 3404
90 127 123 173 ιι
320 118 359 168 ιι.
378 103 504 166 runnu
526 117 718 167 arceamus

90 202 178 257 veteri
191 198 327 255 amicitiae
339 197 511 267 tribuendus,
523 201 556 253 ut
568 198 592 252 is
604 198 632 252 in
646 198 726 268 culpa
740 199 777 254 sit
792 201 839 271 qui
854 202 945 274 iaciat,

90 293 144 330 uon
161 278 184 330 is
200 277 249 346 qui
264 277 387 346 patiatur
402 275 542 343 injuriam.
575 274 693 330 Omnino
709 277 830 331 emnium
847 279 944 334 herum

90 354 218 408 vitiorum
231 357 314 423 atque
326 350 558 406 incommodorum
570 367 625 405 una
634 351 724 407 cautio
736 358 779 408 est
791 358 876 424 atque
890 372 945 410 una

90 431 214 496 provisio,
232 433 264 484 ut
282 446 316 482 ue
334 425 414 481 nimis
434 427 489 480 cite
511 425 626 495 diligere
647 428 778 497 incipiant
797 446 866 485 neve
888 449 943 486 non

89 505 194 573 dignes.
231 509 272 563 79.
292 504 374 572 Digni
391 506 483 556 autem
500 506 564 556 sunt
580 504 700 558 amicitia
715 505 816 574 quibus
832 507 860 559 in
876 506 943 575 ipsis

89 580 160 634 iucst
179 598 259 635 causa
276 597 325 633 eur
343 579 501 646 diligantur.
538 579 643 633 Rarum
663 598 757 648 genus,
779 586 809 636 et
830 581 942 650 quidem

89 657 179 710 emnia
201 657 429 725 praeclararum,
451 671 500 708 nee
525 657 675 724 quidquam
699 655 835 712 difficilius
859 676 941 728 quam

88 733 210 800 reperire
222 731 296 800 qued
308 731 344 784 sit
356 730 429 782 ouini
442 746 476 783 eu
485 737 566 798 parte
575 731 603 784 in
612 749 661 786 suo
670 750 771 801 genere
781 735 941 802 perfectum.

14 808 16 812 “
88 807 145 860 Sed
156 807 280 875 plerique
292 823 381 874 neque
396 808 424 859 in
438 805 521 858 rebus
535 807 661 861 humanis
675 809 826 877 quidquam
840 809 943 865 bonum

20 928 24 934 .
87 887 189 936 norunt
206 882 259 935 nisi
278 882 354 950 quod
373 882 544 935 fructuosum
565 882 609 950 sit,
629 886 658 936 et
679 885 780 937 arnicas
801 889 942 954 tamquam

86 961 206 1026 pecudes
222 975 268 1012 ees
285 958 456 1026 potissimum
474 956 593 1025 diligunt
611 975 645 1012 ex
664 959 764 1028 quibus
782 964 894 1028 sperant
911 979 942 1015 sc

87 1035 236 1087 niaximum
252 1034 372 1087 fructum
389 1050 449 1087 esse
465 1037 601 1102 capturos.
637 1041 683 1089 80:
698 1035 743 1089 Ita
758 1036 942 1104 pulcherrima

86 1109 133 1162 illa
145 1113 174 1164 et
186 1110 304 1164 maxime
315 1110 433 1166 naturali
446 1113 540 1163 carent
552 1110 673 1165 amicitia
684 1127 734 1180 pcr
747 1129 776 1164 se
789 1115 817 1166 ct
827 1117 941 1182 prepter

87 1202 117 1238 se
136 1187 302 1256 expetenda,
317 1203 368 1240 nec
379 1185 432 1255 ipsi
449 1185 500 1239 sibi
516 1187 642 1256 exemplo
658 1192 722 1242 sunt
737 1187 804 1241 haee
820 1189 860 1242 vis
876 1188 942 1242 ami-

87 1261 170 1316 citiae
183 1263 271 1332 qualis
284 1268 312 1317 et
325 1269 428 1332 quauta
440 1262 486 1316 sit.
520 1263 586 1331 Ipse
595 1263 667 1317 enim
677 1281 707 1317 se
718 1263 834 1331 quisque
843 1265 942 1332 diligit,

88 1355 142 1392 nen
154 1343 186 1393 ut
198 1340 317 1408 aliquam
330 1357 347 1392 a
359 1356 388 1392 se
400 1340 459 1406 ipse
472 1340 626 1392 mercedem
636 1339 729 1408 exigat
736 1342 860 1394 caritatis
869 1360 939 1404 suae,

87 1414 138 1467 sed
150 1414 225 1482 qued
238 1432 287 1482 per
299 1431 329 1467 se
342 1413 393 1466 sibi
406 1413 524 1480 quisque
536 1429 615 1466 carus
627 1423 677 1466 est.
711 1413 854 1477 Quodnisi
866 1413 939 1465 idem

86 1489 115 1541 iu
136 1490 284 1541 amicitiam
305 1489 494 1551 transferetur,
515 1503 597 1541 verus
617 1487 720 1539 amicus
740 1502 878 1554 uunquam
899 1503 941 1540 re·

86 1565 222 1634 parietum
239 1568 282 1617 est
293 1564 366 1617 eninr
378 1565 401 1616 is
414 1563 461 1630 qui
478 1565 521 1615 est
538 1565 679 1630 tamquam
694 1562 765 1615 alter
780 1561 861 1614 idem.
896 1569 940 1616 81.

87 1640 168 1704 Quod
189 1640 211 1692 si
231 1634 283 1692 he'e
304 1641 420 1706 apparet
441 1637 469 1689 in
493 1635 597 1704 bestiis,
621 1635 782 1702 volueribus,
803 1637 940 1704 nantibus,

86 1715 249 1783 agrestibus,
262 1713 404 1780 cicuribus,
416 1712 490 1780 feris,
503 1712 621 1780 primum
633 1715 666 1765 ut
678 1729 707 1766 se
723 1712 799 1780 ipsae
816 1713 940 1782 diligant,

86 1792 118 1845 id
130 1792 201 1845 enim
213 1790 318 1860 pariter
330 1806 392 1844 cum
404 1789 476 1842 omni
493 1788 631 1842 animante
647 1788 775 1856 nascitur,
793 1789 893 1844 deiude
908 1796 941 1844 ut

87 1869 230 1936 requirant
248 1871 333 1936 atque
351 1867 483 1935 appetant
496 1864 531 1918 ad
543 1881 612 1933 quas
624 1882 654 1919 se
666 1864 804 1934 applicent
816 1864 941 1933 ejusdem

86 1944 194 2011 'generis
207 1943 367 2008 animantes,
384 1941 471 2010 idque
485 1940 590 1994 faciunt
607 1958 669 1994 cum
685 1941 822 2003 desiderio
836 1945 940 2005 etcum

86 2019 203 2087 quadam
217 2017 396 2071 similitudine
409 2017 509 2070 ameris
520 2017 640 2085 humani,
653 2020 757 2085 quarite
769 2017 799 2069 id
814 2019 901 2086 magis
912 2020 941 2072 iu

90 2094 198 2147 homine
221 2094 254 2146 fit
271 2096 377 2160 natura,
395 2093 442 2161 qui
465 2096 494 2145 ct
515 2109 544 2145 se
565 2093 623 2160 ipse
648 2092 746 2160 diligit,
770 2096 799 2145 et
823 2093 940 2148 alterum

87 2171 208 2240 anquirit
226 2171 305 2239 cujus
325 2169 445 2222 animum
466 2169 506 2223 ita
523 2184 585 2221 cum
603 2185 652 2221 sue
670 2169 782 2239 misceat
799 2173 832 2222 ut
843 2170 942 2224 efficiat

89 2263 176 2315 paene
188 2263 272 2300 uuum
285 2264 319 2300 cx
331 2245 457 2300 duebusl

143 2323 239 2376 XXll.
259 2328 301 2377 82.
332 2322 388 2376 Sed
402 2321 527 2390 plerique
546 2337 684 2389 perverse,
701 2337 735 2374 nc
754 2320 843 2375 dicam
857 2322 942 2390 impu-
1011 2371 1017 2383 ,

89 2399 196 2464 eleuter,
217 2401 333 2455 amicum
351 2401 452 2456 habere
468 2401 554 2455 talem
579 2397 788 2469 veluutquales
810 2398 861 2465 ipsi
882 2415 942 2450 esse

88 2491 140 2524 uun
159 2479 288 2540 pessunt3
306 2489 431 2542 quaeque
450 2474 501 2541 ipsi
518 2490 571 2526 uun
596 2472 724 2526 tribuunt
747 2474 849 2540 amicis
874 2474 942 2526 haec

86 2548 175 2600 abeis
192 2547 358 2601 desiderant.
395 2549 449 2601 Par
468 2553 511 2602 cst
529 2553 621 2603 autem
641 2550 760 2616 primum
779 2550 868 2616 ipsum
881 2560 942 2601 csse

88 2624 178 2675 virum
190 2621 298 2686 bonum,
319 2627 377 2676 tum
398 2624 515 2677 alterum
536 2624 651 2676 similem
670 2624 712 2676 sui
730 2640 870 2690 quaerere.
907 2623 941 2674 Iu

87 2698 188 2752 talibus
198 2715 230 2752 ca
243 2715 324 2766 quam
341 2698 506 2766 jamdudum
518 2703 669 2752 tractamus
691 2698 827 2752 stabilitas
851 2697 942 2750 amici-

89 2777 145 2830 tiae
158 2773 312 2829 cenfirmari
330 2777 431 2842 potest,
444 2792 528 2842 quum
542 2774 664 2827 hemines
676 2773 868 2827 benevelentia
880 2789 942 2826 cen·

84 2852 176 2919 iuncti
192 2851 311 2921 primum
330 2850 529 2917 cupiditatibus
545 2851 579 2902 iis
596 2850 695 2918 quibus
716 2849 800 2903 ceteri
819 2848 941 2902 serviunt

88 2928 270 3015 imperabunt,
251 2926 396 2981 ideinde
420 2927 561 2996 acquitate
584 2924 643 2994 jus
636 2926 751 2995 itiaque
773 2924 942 2994 gaudebunt,

74 3004 227 3068 omniaque
245 3003 322 3058 alter
338 3021 393 3074 pro
413 3003 454 3060 alt
442 3007 503 3060 tero
528 3003 668 3074 suscipiet,
685 3019 775 3073 neque
793 3002 885 3070 quidq
861 3018 960 3142 meni

57 3083 185 3138 uuquam
201 3095 257 3131 nrsr
253 3079 423 3139 honestum
437 3087 470 3140 et
485 3087 598 3140 rectum
618 3081 691 3138 alter
709 3079 746 3134 ab
757 3079 848 3133 alteru
885 3091 919 3126 us

42 3139 121 3207 alar
137 3164 239 3218 ¹¹⁶¹l¹¹0
258 3160 333 3214 solur
335 3179 354 3216 u
376 3164 476 3221 celent
491 3164 573 3220 inter
583 3179 616 3218 se
634 3177 669 3216 ac
681 3156 810 3225 diligeut
822 3151 877 3204 sed
892 3147 982 3198 eiiam

986 3232 1003 3255 δ
