2084 3404
213 107 387 155 EPISTULA
403 107 455 156 AD
472 107 646 165 QUINTUM
664 109 847 157 FRATREM.
925 113 954 158 o‘l

104 184 174 241 bene
190 186 319 240 audiendi
331 187 467 255 excitaris,
481 203 536 241 non
551 191 584 242 ut
599 205 660 242 eum
678 189 738 243 aliis
753 188 803 244 sed
818 193 850 245 ut
866 194 956 245 tecum

101 262 161 331 jam
176 263 234 331 ipse
250 267 356 329 certes;
372 264 395 317 si
413 281 521 318 omnem
534 267 611 318 tuam
626 269 754 334 mentem,
770 282 869 332 curam,
885 267 957 335 cogi-

105 339 236 394 tationem
267 340 303 393 ad
334 340 513 394 excellentem
544 341 574 394 in
602 339 728 395 omnibus
759 342 841 396 rebus
868 343 958 396 laudis

105 416 284 483 cupiditatem
307 415 437 484 incitaris,
456 415 522 469 mihi
544 413 637 483 erede,¹
650 434 721 471 unus
741 433 828 471 annus
846 412 957 472 additus

105 490 192 545 labori
207 496 256 545 tuo
272 491 420 544 multorum
437 509 568 546 annorum
584 493 719 547 laetitiam
738 493 824 560 nobis,
843 494 957 560 gloriam

104 583 168 620 vero
181 568 265 621 etiam
282 566 399 635 posteris
416 568 516 620 nostris
533 568 639 622 afferet.
676 576 698 621 4.
719 569 892 636 Quapropter
908 561 958 622 hoe

105 647 134 696 te
145 645 264 711 primum
277 659 342 711 rogo
354 660 389 696 ne
401 644 545 697 contrahas
558 661 589 698 ae
601 644 733 698 demittas
745 645 873 713 animum,
888 661 958 699 neve

105 723 134 772 te
146 719 224 772 obrui
237 723 375 788 tamquam
392 720 477 773 fluctu
493 720 531 773 sic
547 721 735 788 magnitudine
752 721 855 789 negotii
873 721 959 777 sinas;

106 799 256 863 contraque
273 796 361 863 erigas
378 811 410 848 ae
428 796 540 850 resistas
560 796 617 849 sive
637 798 720 850 etiarn
738 797 812 850 ultro
833 813 959 851 occurras

105 872 230 938 negotiis.
266 870 364 940 Neque
385 872 457 925 enim
481 872 615 940 ejusmodi
639 877 747 942 partem
770 872 810 926 rei
833 873 959 941 publicae

105 948 177 1014 geris
189 947 217 1000 in
235 963 289 1015 qua
307 948 417 1001 fortuna
436 948 599 1015 dominetur,
619 949 668 1003 sed
689 948 716 1001 in
738 966 793 1017 qua
812 950 958 1018 plurimum

106 1024 177 1076 ratio
189 1025 276 1092 possit
287 1028 316 1078 et
332 1024 483 1091 diligentia.
522 1024 601 1089 Quod
618 1025 641 1078 si
658 1023 709 1079 tibi
729 1025 830 1078 bellum
848 1025 958 1092 aliquod

107 1115 235 1166 magnum
253 1103 282 1152 et
298 1100 479 1167 periculosum
496 1100 699 1159 administranti
716 1103 892 1169 prorogatum
911 1101 959 1152 im·

107 1174 212 1241 perium
225 1173 354 1240 viderem,
364 1178 511 1228 tremerem
524 1176 621 1241 animo,
635 1177 710 1242 quod
722 1176 819 1228 eodem
836 1180 959 1243 tompore

107 1266 167 1302 esse
195 1248 377 1315 intelligerem
402 1250 484 1302 etiam
512 1249 637 1302 fortunae
663 1253 828 1318 potestatem
856 1250 894 1303 in*
912 1267 960 1304 nos

106 1327 288 1393 prorogatam.
324 1329 347 1378 5.
366 1324 446 1380 Nunc
467 1341 531 1378 vero
554 1342 587 1379 ea
609 1340 673 1393 pars
696 1325 748 1378 tibi
772 1325 814 1378 rei
837 1324 960 1394 publicae

107 1400 251 1454 commissa
263 1402 305 1453 est
317 1398 409 1469 inqua
420 1403 469 1453 aut
481 1401 583 1454 nullam
595 1405 642 1454 aut
658 1401 835 1470 perexiguam
852 1407 959 1470 partem

106 1477 215 1530 fortuna
233 1479 316 1543 tenet,
329 1480 358 1529 et
370 1492 440 1543 quae
452 1477 519 1529 mihi
531 1480 590 1530 tota
600 1476 627 1529 in
645 1479 694 1530 tua
713 1476 816 1530 virtute
826 1479 960 1541 aemcde-

107 1553 212 1606 ratione
229 1551 311 1613 animi
328 1552 417 1620 posita
437 1568 496 1606 esse
516 1552 650 1606 videatur.
686 1551 789 1620 Nullas
809 1557 841 1607 ut
859 1554 960 1623 opinor,

108 1629 218 1682 insidias
230 1626 372 1694 hostium,-
389 1629 491 1687 nullam
509 1628 605 1697 praelii
629 1627 838 1698 dimicationem,
859 1631 960 1683 nullam

108 1704 287 1758 defectionem
300 1705 441 1773 sociorum,
452 1705 553 1758 nullam
570 1704 688 1772 inopiam
706 1705 836 1772 stipendii
855 1709 903 1760 aut
920 1706 958 1759 rei

108 1779 310 1848 frumentariae,
331 1779 433 1834 nullam
455 1781 617 1835 seditionem
639 1781 775 1834 exercitus
793 1782 960 1850 pertimesci-

109 1872 184 1921 mus3
203 1873 274 1925 quae
292 1872 423 1925 persaepe
440 1856 648 1924 sapientissimis
667 1856 732 1909 viris
752 1856 909 1910 aeciderunt
921 1860 960 1924 ut,

110 1931 338 1999 quemadmodum
361 1932 559 1999 gubernatores
579 1932 675 2002 optimi
700 1934 755 1986 rim
777 1932 960 2000 tempestatis,

110 2008 148 2060 sic
166 2007 205 2061 illi
223 2007 348 2062 fortunae
368 2009 500 2076 impetum
520 2025 648 2078 superare
670 2024 723 2061 non
742 2010 860 2076 possent.
876 2042 879 2047 -
900 2006 961 2061 Tibi

109 2083 175 2137 data
184 2087 227 2138 est
239 2101 344 2138 summa
354 2101 415 2153 pax,
433 2101 539 2138 summa
554 2084 745 2153 tranquillitas,
762 2083 802 2138 ita
817 2087 910 2137 tamen
930 2087 962 2136 ut

44 2216 53 2229 ⁰
110 2177 142 2212 ea
162 2159 344 2214 dormientem
367 2159 579 2227 gubernatorem
598 2160 641 2212 rel
662 2157 784 2225 obruere,
804 2159 962 2225 vigilantem

110 2236 193 2288 ctiam
215 2235 352 2288 delectare
370 2236 464 2303 possit.
500 2242 523 2288 6.
549 2235 664 2288 Constat
682 2235 754 2286 enim
775 2250 807 2287 ea
825 2233 963 2300 provincia

111 2311 229 2378 primum
246 2326 280 2362 ex
297 2326 328 2363 eo
344 2325 446 2376 genere
466 2309 601 2362 sociorum
618 2307 691 2376 quod
711 2311 804 2361 estex
824 2307 974 2372 hominum¹

111 2386 183 2438 omm
207 2401 307 2452 genere
331 2383 571 2438 humanissimum:
603 2383 703 2438 deinde
734 2400 768 2436 ex
799 2401 831 2436 eo
863 2400 963 2451 genere

112 2461 219 2528 civium,
233 2461 280 2529 qui
292 2464 341 2513 aut
353 2460 427 2529 quod
438 2459 574 2531 publicani
591 2463 655 2520 sunt
666 2475 715 2512 nos
731 2476 836 2523 summa
847 2459 962 2513 necessi-

113 2538 208 2591 tudine
220 2537 368 2604 attingunt,
381 2540 429 2591 aut
447 2536 525 2606 quod>
533 2536 573 2590 ita
584 2535 760 2603 negotiantur
769 2540 801 2590 ut
810 2535 962 2604 locupletes

87 2679 91 2687 ι
112 2614 166 2674 sint
190 2612 276 2666 nostri
301 2611 456 2668 consulatus
478 2612 611 2667 beneficio
630 2628 660 2665 se
676 2611 823 2665 incolumes
839 2611 962 2666 fortunas

112 2689 215 2743 babere
227 2688 404 2744 arbitrantur.

165 2767 205 2819 ll.
230 2770 253 2823 7.
279 2769 320 2820 At
348 2766 419 2820 enim
444 2764 516 2819 inter
539 2763 588 2818 hos
609 2764 683 2834 ipsos
707 2764 844 2817 exsistunt
867 2778 964 2828 graves

112 2843 320 2911 controversiae,
340 2842 442 2896 multae
460 2845 608 2894 nascuntur
627 2839 751 2909 injuriae,
771 2853 886 2905 magnae
905 2853 964 2889 eon-

112 2919 250 2972 tentiones
260 2920 472 2988 consequuntur.
508 2917 591 2980 Quasi
606 2933 672 2970 vero
689 2932 739 2982 ego
756 2914 785 2966 id
801 2917 896 2981 putem
912 2929 967 2964 nou

115 2996 145 3048 te
155 2995 325 3063 aliquantum
342 2993 445 3062 negotii
464 2993 611 3048 sustinere.
644 2990 785 3052 tuamne
797 2994 1026 3079 pemQQQ

113 3085 174 3123 esse
185 3071 328 3139 negotium
341 3075 370 3128 et
381 3071 504 3127 maximi
514 3067 632 3126 consilii
640 3087 652 3130 ·,
664 3063 725 3118 sed
731 3055 888 3111 mmmm
903 3052 1030 3156 ξῗζζᾊζῖ

106 3146 222 3202 melino
240 3163 303 3205 esse
323 3151 478 3222 negotium
496 3146 596 3217 nangis
614 3136 774 3208 ammi*
794 3130 895 3184 *mm
920 3123 942 3152 Q

153 3230 170 3272 a·
350 3252 354 3265 .
