<?xml version="1.0" encoding="UTF-8"?>
<!DOCTYPE html PUBLIC "-//W3C//DTD XHTML 1.0 Transitional//EN"
    "http://www.w3.org/TR/xhtml1/DTD/xhtml1-transitional.dtd">
<html xmlns="http://www.w3.org/1999/xhtml" xml:lang="en" lang="en">
 <head>
  <title>
</title>
<meta http-equiv="Content-Type" content="text/html;charset=utf-8" />
  <meta name='ocr-system' content='tesseract 3.04.00' />
  <meta name='ocr-capabilities' content='ocr_page ocr_carea ocr_par ocr_line ocrx_word'/>
</head>
<body>
  <div class='ocr_page' id='page_1' title='image "./catomajorsivede01cicegoog_0018.png"; bbox 0 0 2084 3404; ppageno 0'>
   <div class='ocr_carea' id='block_1_1' title="bbox 251 127 927 179">
    <p class='ocr_par' dir='ltr' id='par_1_1' title="bbox 251 127 927 179">
     <span class='ocr_line' id='line_1_1' title="bbox 251 127 927 179; baseline 0.001 -1"><span class='ocrx_word' id='word_1_1' title='bbox 251 128 341 178; x_wconf 81' lang='lat' dir='ltr'>CATO</span> <span class='ocrx_word' id='word_1_2' title='bbox 359 128 489 177; x_wconf 83' lang='lat' dir='ltr'>MAJOR.</span> <span class='ocrx_word' id='word_1_3' title='bbox 525 127 601 178; x_wconf 81' lang='lat' dir='ltr'>OAP.</span> <span class='ocrx_word' id='word_1_4' title='bbox 620 127 670 177; x_wconf 89' lang='lat' dir='ltr'>VI.</span> <span class='ocrx_word' id='word_1_5' title='bbox 692 128 753 178; x_wconf 89' lang='lat' dir='ltr'>VII.</span> <span class='ocrx_word' id='word_1_6' title='bbox 913 128 927 179; x_wconf 86' lang='lat'><strong>7</strong></span> 
     </span>
    </p>
   </div>
   <div class='ocr_carea' id='block_1_2' title="bbox 82 207 936 1562">
    <p class='ocr_par' dir='ltr' id='par_1_2' title="bbox 82 207 936 1562">
     <span class='ocr_line' id='line_1_2' title="bbox 83 207 928 280; baseline -0.001 -18"><span class='ocrx_word' id='word_1_7' title='bbox 83 209 139 262; x_wconf 86' lang='lat' dir='ltr'>sint</span> <span class='ocrx_word' id='word_1_8' title='bbox 155 209 276 276; x_wconf 83' lang='lat' dir='ltr'>gerenda</span> <span class='ocrx_word' id='word_1_9' title='bbox 288 207 442 277; x_wconf 76' lang='lat' dir='ltr'>praescribo</span> <span class='ocrx_word' id='word_1_10' title='bbox 461 211 489 262; x_wconf 86' lang='lat' dir='ltr'>et</span> <span class='ocrx_word' id='word_1_11' title='bbox 507 207 657 276; x_wconf 89' lang='lat' dir='ltr'>quomodo:</span> <span class='ocrx_word' id='word_1_12' title='bbox 677 207 842 280; x_wconf 76' lang='lat' dir='ltr'>Karthagini</span> <span class='ocrx_word' id='word_1_13' title='bbox 857 208 928 262; x_wconf 85' lang='lat' dir='ltr'>rnalo</span> 
     </span>
     <span class='ocr_line' id='line_1_3' title="bbox 82 283 929 355; baseline 0 -18"><span class='ocrx_word' id='word_1_14' title='bbox 82 283 140 355; x_wconf 70' lang='lat' dir='ltr'>jam</span> <span class='ocrx_word' id='word_1_15' title='bbox 154 285 203 337; x_wconf 93' lang='lat' dir='ltr'>diu</span> <span class='ocrx_word' id='word_1_16' title='bbox 216 285 346 354; x_wconf 77' lang='lat' dir='ltr'>cogitanti</span> <span class='ocrx_word' id='word_1_17' title='bbox 365 284 465 337; x_wconf 88' lang='lat' dir='ltr'>bellum</span> <span class='ocrx_word' id='word_1_18' title='bbox 481 284 568 338; x_wconf 91' lang='lat' dir='ltr'>multo</span> <span class='ocrx_word' id='word_1_19' title='bbox 582 287 646 339; x_wconf 87' lang='lat' dir='ltr'>ante</span> <span class='ocrx_word' id='word_1_20' title='bbox 664 286 803 355; x_wconf 88' lang='lat' dir='ltr'>denuntio,</span> <span class='ocrx_word' id='word_1_21' title='bbox 821 287 857 339; x_wconf 94' lang='lat' dir='ltr'>de</span> <span class='ocrx_word' id='word_1_22' title='bbox 875 301 929 353; x_wconf 84' lang='lat' dir='ltr'>que</span> 
     </span>
     <span class='ocr_line' id='line_1_4' title="bbox 84 360 930 429; baseline 0 -15"><span class='ocrx_word' id='word_1_23' title='bbox 84 361 173 415; x_wconf 86' lang='lat' dir='ltr'>vereri</span> <span class='ocrx_word' id='word_1_24' title='bbox 189 377 243 415; x_wconf 93' lang='lat' dir='ltr'>uon</span> <span class='ocrx_word' id='word_1_25' title='bbox 260 363 325 414; x_wconf 88' lang='lat' dir='ltr'>ante</span> <span class='ocrx_word' id='word_1_26' title='bbox 339 360 460 413; x_wconf 82' lang='lat' dir='ltr'>desinam</span> <span class='ocrx_word' id='word_1_27' title='bbox 474 377 556 429; x_wconf 89' lang='lat' dir='ltr'>quam</span> <span class='ocrx_word' id='word_1_28' title='bbox 570 361 644 414; x_wconf 85' lang='lat' dir='ltr'>illam</span> <span class='ocrx_word' id='word_1_29' title='bbox 659 363 777 416; x_wconf 83' lang='lat' dir='ltr'>excisam</span> <span class='ocrx_word' id='word_1_30' title='bbox 795 379 855 417; x_wconf 90' lang='lat' dir='ltr'>csse</span> <span class='ocrx_word' id='word_1_31' title='bbox 869 377 930 429; x_wconf 84' lang='lat' dir='ltr'>eog-</span> 
     </span>
     <span class='ocr_line' id='line_1_5' title="bbox 85 435 930 504; baseline -0.001 -14"><span class='ocrx_word' id='word_1_32' title='bbox 85 453 192 494; x_wconf 81' lang='lat' dir='ltr'>novero,</span> <span class='ocrx_word' id='word_1_33' title='bbox 223 443 262 492; x_wconf 90' lang='lat'>19.</span> <span class='ocrx_word' id='word_1_34' title='bbox 283 437 369 501; x_wconf 85' lang='lat' dir='ltr'>Quam</span> <span class='ocrx_word' id='word_1_35' title='bbox 380 436 498 504; x_wconf 83' lang='lat' dir='ltr'>palmam</span> <span class='ocrx_word' id='word_1_36' title='bbox 510 437 615 490; x_wconf 86' lang='lat' dir='ltr'>utinam</span> <span class='ocrx_word' id='word_1_37' title='bbox 628 435 674 488; x_wconf 87' lang='lat' dir='ltr'>Dii</span> <span class='ocrx_word' id='word_1_38' title='bbox 686 437 861 503; x_wconf 84' lang='lat' dir='ltr'>immortales,</span> <span class='ocrx_word' id='word_1_39' title='bbox 875 437 930 491; x_wconf 83' lang='lat' dir='ltr'>Sei-</span> 
     </span>
     <span class='ocr_line' id='line_1_6' title="bbox 86 511 931 583; baseline 0 -19"><span class='ocrx_word' id='word_1_40' title='bbox 86 512 139 583; x_wconf 85' lang='lat' dir='ltr'>pio,</span> <span class='ocrx_word' id='word_1_41' title='bbox 152 513 204 565; x_wconf 92' lang='lat' dir='ltr'>tibi</span> <span class='ocrx_word' id='word_1_42' title='bbox 219 515 367 579; x_wconf 73' lang='lat' dir='ltr'>reservent,</span> <span class='ocrx_word' id='word_1_43' title='bbox 380 512 473 566; x_wconf 77' lang='lat' dir='ltr'>utari</span> <span class='ocrx_word' id='word_1_44' title='bbox 487 511 616 581; x_wconf 86' lang='lat' dir='ltr'>reliquias</span> <span class='ocrx_word' id='word_1_45' title='bbox 630 528 803 581; x_wconf 85' lang='lat' dir='ltr'>persequare,</span> <span class='ocrx_word' id='word_1_46' title='bbox 822 512 900 581; x_wconf 91' lang='lat' dir='ltr'>cujus</span> <span class='ocrx_word' id='word_1_47' title='bbox 914 528 931 565; x_wconf 86' lang='lat' dir='ltr'>a</span> 
     </span>
     <span class='ocr_line' id='line_1_7' title="bbox 86 587 931 643; baseline -0.004 0"><span class='ocrx_word' id='word_1_48' title='bbox 86 592 175 643; x_wconf 84' lang='lat' dir='ltr'>morte</span> <span class='ocrx_word' id='word_1_49' title='bbox 192 589 291 642; x_wconf 86' lang='lat' dir='ltr'>tertius</span> <span class='ocrx_word' id='word_1_50' title='bbox 309 587 353 640; x_wconf 89' lang='lat' dir='ltr'>hic</span> <span class='ocrx_word' id='word_1_51' title='bbox 367 592 396 640; x_wconf 91' lang='lat' dir='ltr'>et</span> <span class='ocrx_word' id='word_1_52' title='bbox 411 588 565 642; x_wconf 84' lang='lat' dir='ltr'>tricesimus</span> <span class='ocrx_word' id='word_1_53' title='bbox 580 603 666 640; x_wconf 86' lang='lat' dir='ltr'>annus</span> <span class='ocrx_word' id='word_1_54' title='bbox 683 591 740 642; x_wconf 89' lang='lat' dir='ltr'>est:</span> <span class='ocrx_word' id='word_1_55' title='bbox 763 590 813 643; x_wconf 90' lang='lat' dir='ltr'>sed</span> <span class='ocrx_word' id='word_1_56' title='bbox 830 603 931 642; x_wconf 79' lang='lat' dir='ltr'>memo</span> 
     </span>
     <span class='ocr_line' id='line_1_8' title="bbox 86 663 931 732; baseline -0.001 -16"><span class='ocrx_word' id='word_1_57' title='bbox 86 663 156 717; x_wconf 82' lang='lat' dir='ltr'>riam</span> <span class='ocrx_word' id='word_1_58' title='bbox 164 663 236 716; x_wconf 88' lang='lat' dir='ltr'>illius</span> <span class='ocrx_word' id='word_1_59' title='bbox 246 664 296 715; x_wconf 84' lang='lat' dir='ltr'>riri</span> <span class='ocrx_word' id='word_1_60' title='bbox 305 679 400 716; x_wconf 90' lang='lat' dir='ltr'>omnes</span> <span class='ocrx_word' id='word_1_61' title='bbox 408 663 544 730; x_wconf 85' lang='lat' dir='ltr'>excipient</span> <span class='ocrx_word' id='word_1_62' title='bbox 552 663 615 714; x_wconf 86' lang='lat' dir='ltr'>anni</span> <span class='ocrx_word' id='word_1_63' title='bbox 625 667 828 732; x_wconf 88' lang='lat' dir='ltr'>consequentes.</span> <span class='ocrx_word' id='word_1_64' title='bbox 850 665 931 716; x_wconf 89' lang='lat' dir='ltr'>Anno</span> 
     </span>
     <span class='ocr_line' id='line_1_9' title="bbox 87 741 931 809; baseline -0.002 -17"><span class='ocrx_word' id='word_1_65' title='bbox 87 741 151 792; x_wconf 81' lang='lat' dir='ltr'>unte</span> <span class='ocrx_word' id='word_1_66' title='bbox 163 755 207 792; x_wconf 91' lang='lat' dir='ltr'>me</span> <span class='ocrx_word' id='word_1_67' title='bbox 218 755 357 792; x_wconf 83' lang='lat' dir='ltr'>censorem</span> <span class='ocrx_word' id='word_1_68' title='bbox 369 742 493 792; x_wconf 90' lang='lat' dir='ltr'>mortuus</span> <span class='ocrx_word' id='word_1_69' title='bbox 505 742 555 804; x_wconf 87' lang='lat' dir='ltr'>est,</span> <span class='ocrx_word' id='word_1_70' title='bbox 567 753 663 792; x_wconf 86' lang='lat' dir='ltr'>novem</span> <span class='ocrx_word' id='word_1_71' title='bbox 678 741 755 793; x_wconf 88' lang='lat' dir='ltr'>aunis</span> <span class='ocrx_word' id='word_1_72' title='bbox 766 742 829 809; x_wconf 86' lang='lat' dir='ltr'>post</span> <span class='ocrx_word' id='word_1_73' title='bbox 840 754 931 791; x_wconf 91' lang='lat' dir='ltr'>meum</span> 
     </span>
     <span class='ocr_line' id='line_1_10' title="bbox 87 814 932 883; baseline -0.002 -16"><span class='ocrx_word' id='word_1_74' title='bbox 87 815 263 880; x_wconf 84' lang='lat' dir='ltr'>consulatum,</span> <span class='ocrx_word' id='word_1_75' title='bbox 284 831 367 883; x_wconf 92' lang='lat' dir='ltr'>quum</span> <span class='ocrx_word' id='word_1_76' title='bbox 391 814 483 867; x_wconf 89' lang='lat' dir='ltr'>consul</span> <span class='ocrx_word' id='word_1_77' title='bbox 506 814 607 867; x_wconf 89' lang='lat' dir='ltr'>iterum</span> <span class='ocrx_word' id='word_1_78' title='bbox 631 831 675 868; x_wconf 90' lang='lat' dir='ltr'>me</span> <span class='ocrx_word' id='word_1_79' title='bbox 694 815 804 869; x_wconf 87' lang='lat' dir='ltr'>consule</span> <span class='ocrx_word' id='word_1_80' title='bbox 823 816 932 868; x_wconf 88' lang='lat' dir='ltr'>creatus</span> 
     </span>
     <span class='ocr_line' id='line_1_11' title="bbox 88 889 932 958; baseline -0.002 -15"><span class='ocrx_word' id='word_1_81' title='bbox 88 895 167 944; x_wconf 81' lang='lat' dir='ltr'>essct</span> <span class='ocrx_word' id='word_1_82' title='bbox 204 891 277 943; x_wconf 89' lang='lat' dir='ltr'>Num</span> <span class='ocrx_word' id='word_1_83' title='bbox 295 890 387 958; x_wconf 85' lang='lat' dir='ltr'>igitur,</span> <span class='ocrx_word' id='word_1_84' title='bbox 405 889 427 942; x_wconf 91' lang='lat' dir='ltr'>si</span> <span class='ocrx_word' id='word_1_85' title='bbox 445 889 481 942; x_wconf 90' lang='lat' dir='ltr'>ad</span> <span class='ocrx_word' id='word_1_86' title='bbox 498 891 676 944; x_wconf 89' lang='lat' dir='ltr'>centesimum</span> <span class='ocrx_word' id='word_1_87' title='bbox 694 907 794 944; x_wconf 88' lang='lat' dir='ltr'>annum</span> <span class='ocrx_word' id='word_1_88' title='bbox 812 890 932 954; x_wconf 84' lang='lat' dir='ltr'>vixisset,</span> 
     </span>
     <span class='ocr_line' id='line_1_12' title="bbox 89 965 932 1034; baseline 0 -16"><span class='ocrx_word' id='word_1_89' title='bbox 89 967 236 1020; x_wconf 78' lang='lat' dir='ltr'>senectutis</span> <span class='ocrx_word' id='word_1_90' title='bbox 251 982 313 1019; x_wconf 91' lang='lat' dir='ltr'>eum</span> <span class='ocrx_word' id='word_1_91' title='bbox 327 981 392 1018; x_wconf 88' lang='lat' dir='ltr'>suae</span> <span class='ocrx_word' id='word_1_92' title='bbox 406 965 577 1034; x_wconf 69' lang='lat' dir='ltr'>poeniteret?</span> <span class='ocrx_word' id='word_1_93' title='bbox 613 966 637 1018; x_wconf 90' lang='lat' dir='ltr'>N</span> <span class='ocrx_word' id='word_1_94' title='bbox 641 982 672 1019; x_wconf 91' lang='lat' dir='ltr'>ec</span> <span class='ocrx_word' id='word_1_95' title='bbox 688 967 759 1020; x_wconf 92' lang='lat' dir='ltr'>enim</span> <span class='ocrx_word' id='word_1_96' title='bbox 774 965 932 1026; x_wconf 81' lang='lat' dir='ltr'>excursione</span> 
     </span>
     <span class='ocr_line' id='line_1_13' title="bbox 89 1041 934 1110; baseline 0 -16"><span class='ocrx_word' id='word_1_97' title='bbox 89 1058 140 1094; x_wconf 89' lang='lat' dir='ltr'>nee</span> <span class='ocrx_word' id='word_1_98' title='bbox 158 1043 231 1094; x_wconf 88' lang='lat' dir='ltr'>saltu</span> <span class='ocrx_word' id='word_1_99' title='bbox 244 1059 295 1095; x_wconf 87' lang='lat' dir='ltr'>nec</span> <span class='ocrx_word' id='word_1_100' title='bbox 309 1042 415 1108; x_wconf 81' lang='lat' dir='ltr'>eminus</span> <span class='ocrx_word' id='word_1_101' title='bbox 428 1041 514 1094; x_wconf 85' lang='lat' dir='ltr'>hastis</span> <span class='ocrx_word' id='word_1_102' title='bbox 529 1046 577 1094; x_wconf 87' lang='lat' dir='ltr'>aut</span> <span class='ocrx_word' id='word_1_103' title='bbox 593 1042 714 1095; x_wconf 91' lang='lat' dir='ltr'>cominus</span> <span class='ocrx_word' id='word_1_104' title='bbox 729 1042 828 1110; x_wconf 82' lang='lat' dir='ltr'>gladiis</span> <span class='ocrx_word' id='word_1_105' title='bbox 842 1045 934 1095; x_wconf 88' lang='lat' dir='ltr'>utere-</span> 
     </span>
     <span class='ocr_line' id='line_1_14' title="bbox 91 1117 933 1182; baseline -0.002 -12"><span class='ocrx_word' id='word_1_106' title='bbox 91 1120 142 1182; x_wconf 85' lang='lat' dir='ltr'>tur,</span> <span class='ocrx_word' id='word_1_107' title='bbox 155 1118 204 1170; x_wconf 91' lang='lat' dir='ltr'>sed</span> <span class='ocrx_word' id='word_1_108' title='bbox 216 1117 333 1181; x_wconf 87' lang='lat' dir='ltr'>consilio,</span> <span class='ocrx_word' id='word_1_109' title='bbox 345 1117 459 1181; x_wconf 88' lang='lat' dir='ltr'>ratione,</span> <span class='ocrx_word' id='word_1_110' title='bbox 472 1117 614 1171; x_wconf 79' lang='lat' dir='ltr'>sententia</span> <span class='ocrx_word' id='word_1_111' title='bbox 651 1119 727 1182; x_wconf 76' lang='lat' dir='ltr'>Quae</span> <span class='ocrx_word' id='word_1_112' title='bbox 739 1119 790 1171; x_wconf 87' lang='lat' dir='ltr'>nisi</span> <span class='ocrx_word' id='word_1_113' title='bbox 802 1120 894 1172; x_wconf 88' lang='lat' dir='ltr'>essent</span> <span class='ocrx_word' id='word_1_114' title='bbox 905 1117 933 1169; x_wconf 90' lang='lat' dir='ltr'>in</span> 
     </span>
     <span class='ocr_line' id='line_1_15' title="bbox 90 1191 933 1260; baseline -0.001 -16"><span class='ocrx_word' id='word_1_115' title='bbox 90 1192 207 1257; x_wconf 87' lang='lat' dir='ltr'>senibus,</span> <span class='ocrx_word' id='word_1_116' title='bbox 222 1207 276 1244; x_wconf 91' lang='lat' dir='ltr'>non</span> <span class='ocrx_word' id='word_1_117' title='bbox 294 1207 428 1243; x_wconf 90' lang='lat' dir='ltr'>summum</span> <span class='ocrx_word' id='word_1_118' title='bbox 446 1191 587 1244; x_wconf 87' lang='lat' dir='ltr'>eonsilium</span> <span class='ocrx_word' id='word_1_119' title='bbox 604 1192 722 1260; x_wconf 85' lang='lat' dir='ltr'>majores</span> <span class='ocrx_word' id='word_1_120' title='bbox 739 1193 826 1245; x_wconf 90' lang='lat' dir='ltr'>nostri</span> <span class='ocrx_word' id='word_1_121' title='bbox 844 1192 933 1258; x_wconf 80' lang='lat' dir='ltr'>appel-</span> 
     </span>
     <span class='ocr_line' id='line_1_16' title="bbox 90 1266 935 1334; baseline -0.002 -14"><span class='ocrx_word' id='word_1_122' title='bbox 90 1267 192 1321; x_wconf 75' lang='lat' dir='ltr'>lassent</span> <span class='ocrx_word' id='word_1_123' title='bbox 208 1266 346 1320; x_wconf 85' lang='lat' dir='ltr'>Senatum.</span> <span class='ocrx_word' id='word_1_124' title='bbox 382 1271 423 1318; x_wconf 77' lang='lat'>20.</span> <span class='ocrx_word' id='word_1_125' title='bbox 446 1266 530 1333; x_wconf 83' lang='lat' dir='ltr'>Apud</span> <span class='ocrx_word' id='word_1_126' title='bbox 545 1266 772 1321; x_wconf 84' lang='lat' dir='ltr'>Lacedaemonios</span> <span class='ocrx_word' id='word_1_127' title='bbox 788 1266 899 1334; x_wconf 91' lang='lat' dir='ltr'>quidem</span> <span class='ocrx_word' id='word_1_128' title='bbox 915 1266 935 1318; x_wconf 90' lang='lat' dir='ltr'>ii</span> 
     </span>
     <span class='ocr_line' id='line_1_17' title="bbox 91 1340 934 1411; baseline -0.002 -16"><span class='ocrx_word' id='word_1_129' title='bbox 91 1342 139 1410; x_wconf 91' lang='lat' dir='ltr'>qui</span> <span class='ocrx_word' id='word_1_130' title='bbox 151 1342 346 1411; x_wconf 79' lang='lat' dir='ltr'>amplissimum</span> <span class='ocrx_word' id='word_1_131' title='bbox 357 1340 547 1408; x_wconf 84' lang='lat' dir='ltr'>magistratum</span> <span class='ocrx_word' id='word_1_132' title='bbox 559 1345 666 1411; x_wconf 82' lang='lat' dir='ltr'>gerunt,</span> <span class='ocrx_word' id='word_1_133' title='bbox 675 1346 708 1396; x_wconf 92' lang='lat' dir='ltr'>ut</span> <span class='ocrx_word' id='word_1_134' title='bbox 720 1345 791 1409; x_wconf 89' lang='lat' dir='ltr'>sunt,</span> <span class='ocrx_word' id='word_1_135' title='bbox 803 1341 842 1395; x_wconf 89' lang='lat' dir='ltr'>sie</span> <span class='ocrx_word' id='word_1_136' title='bbox 851 1341 934 1394; x_wconf 89' lang='lat' dir='ltr'>etiam</span> 
     </span>
     <span class='ocr_line' id='line_1_18' title="bbox 90 1417 936 1489; baseline -0.002 -18"><span class='ocrx_word' id='word_1_137' title='bbox 90 1418 263 1471; x_wconf 87' lang='lat' dir='ltr'>nominantur</span> <span class='ocrx_word' id='word_1_138' title='bbox 281 1433 367 1473; x_wconf 89' lang='lat' dir='ltr'>senes.</span> <span class='ocrx_word' id='word_1_139' title='bbox 405 1417 483 1482; x_wconf 85' lang='lat' dir='ltr'>Quod</span> <span class='ocrx_word' id='word_1_140' title='bbox 503 1419 526 1471; x_wconf 89' lang='lat' dir='ltr'>si</span> <span class='ocrx_word' id='word_1_141' title='bbox 545 1418 637 1485; x_wconf 85' lang='lat' dir='ltr'>legere</span> <span class='ocrx_word' id='word_1_142' title='bbox 657 1422 705 1472; x_wconf 86' lang='lat' dir='ltr'>aut</span> <span class='ocrx_word' id='word_1_143' title='bbox 723 1418 820 1471; x_wconf 89' lang='lat' dir='ltr'>audire</span> <span class='ocrx_word' id='word_1_144' title='bbox 838 1417 936 1489; x_wconf 77' lang='lat' dir='ltr'>voletis</span> 
     </span>
     <span class='ocr_line' id='line_1_19' title="bbox 90 1492 936 1562; baseline -0.004 -14"><span class='ocrx_word' id='word_1_145' title='bbox 90 1497 212 1562; x_wconf 72' lang='lat' dir='ltr'>externa,</span> <span class='ocrx_word' id='word_1_146' title='bbox 229 1495 362 1547; x_wconf 86' lang='lat' dir='ltr'>maximas</span> <span class='ocrx_word' id='word_1_147' title='bbox 379 1511 423 1548; x_wconf 90' lang='lat' dir='ltr'>res</span> <span class='ocrx_word' id='word_1_148' title='bbox 440 1494 562 1561; x_wconf 85' lang='lat' dir='ltr'>publicas</span> <span class='ocrx_word' id='word_1_149' title='bbox 580 1493 615 1547; x_wconf 85' lang='lat' dir='ltr'>ab</span> <span class='ocrx_word' id='word_1_150' title='bbox 631 1493 848 1549; x_wconf 86' lang='lat' dir='ltr'>adolescentibus</span> <span class='ocrx_word' id='word_1_151' title='bbox 865 1492 936 1545; x_wconf 87' lang='lat' dir='ltr'>labe-</span> 
     </span>
    </p>
   </div>
   <div class='ocr_carea' id='block_1_3' title="bbox 91 1569 935 1710">
    <p class='ocr_par' dir='ltr' id='par_1_3' title="bbox 91 1569 935 1710">
     <span class='ocr_line' id='line_1_20' title="bbox 91 1569 871 1637; baseline -0.001 -14"><span class='ocrx_word' id='word_1_152' title='bbox 91 1569 184 1636; x_wconf 81' lang='lat' dir='ltr'>factas,</span> <span class='ocrx_word' id='word_1_153' title='bbox 196 1587 213 1623; x_wconf 88' lang='lat' dir='ltr'>a</span> <span class='ocrx_word' id='word_1_154' title='bbox 224 1569 334 1624; x_wconf 88' lang='lat' dir='ltr'>senibus</span> <span class='ocrx_word' id='word_1_155' title='bbox 345 1573 512 1623; x_wconf 87' lang='lat' dir='ltr'>sustentatas</span> <span class='ocrx_word' id='word_1_156' title='bbox 525 1574 554 1624; x_wconf 92' lang='lat' dir='ltr'>et</span> <span class='ocrx_word' id='word_1_157' title='bbox 565 1571 709 1624; x_wconf 86' lang='lat' dir='ltr'>restitutas</span> <span class='ocrx_word' id='word_1_158' title='bbox 721 1569 871 1637; x_wconf 82' lang='lat' dir='ltr'>reperietis.</span> 
     </span>
     <span class='ocr_line' id='line_1_21' title="bbox 111 1647 935 1710; baseline -0.001 -15"><span class='ocrx_word' id='word_1_159' title='bbox 111 1647 184 1708; x_wconf 86' lang='lat' dir='ltr'>Cede,</span> <span class='ocrx_word' id='word_1_160' title='bbox 199 1651 244 1710; x_wconf 88' lang='lat' dir='ltr'>qul</span> <span class='ocrx_word' id='word_1_161' title='bbox 255 1652 362 1695; x_wconf 81' lang='lat' dir='ltr'>vestram</span> <span class='ocrx_word' id='word_1_162' title='bbox 374 1663 425 1694; x_wconf 87' lang='lat' dir='ltr'>reru</span> <span class='ocrx_word' id='word_1_163' title='bbox 437 1647 561 1709; x_wconf 87' lang='lat' dir='ltr'>publicam</span> <span class='ocrx_word' id='word_1_164' title='bbox 572 1652 669 1695; x_wconf 81' lang='lat' dir='ltr'>tantam</span> <span class='ocrx_word' id='word_1_165' title='bbox 681 1648 797 1695; x_wconf 87' lang='lat' dir='ltr'>amisistis</span> <span class='ocrx_word' id='word_1_166' title='bbox 809 1652 860 1695; x_wconf 86' lang='lat' dir='ltr'>tam</span> <span class='ocrx_word' id='word_1_167' title='bbox 872 1647 935 1694; x_wconf 83' lang='lat' dir='ltr'>citol</span> 
     </span>
    </p>
   </div>
   <div class='ocr_carea' id='block_1_4' title="bbox 78 1717 941 3228">
    <p class='ocr_par' dir='ltr' id='par_1_4' title="bbox 93 1717 937 1861">
     <span class='ocr_line' id='line_1_22' title="bbox 93 1717 937 1786; baseline -0.004 -14"><span class='ocrx_word' id='word_1_168' title='bbox 93 1717 138 1772; x_wconf 80' lang='lat' dir='ltr'>Sic</span> <span class='ocrx_word' id='word_1_169' title='bbox 149 1718 221 1772; x_wconf 91' lang='lat' dir='ltr'>enim</span> <span class='ocrx_word' id='word_1_170' title='bbox 233 1721 435 1786; x_wconf 87' lang='lat' dir='ltr'>percontantur,</span> <span class='ocrx_word' id='word_1_171' title='bbox 449 1720 481 1770; x_wconf 89' lang='lat' dir='ltr'>ut</span> <span class='ocrx_word' id='word_1_172' title='bbox 493 1721 536 1771; x_wconf 90' lang='lat' dir='ltr'>est</span> <span class='ocrx_word' id='word_1_173' title='bbox 548 1718 576 1771; x_wconf 92' lang='lat' dir='ltr'>in</span> <span class='ocrx_word' id='word_1_174' title='bbox 588 1718 684 1771; x_wconf 89' lang='lat' dir='ltr'>Naevii</span> <span class='ocrx_word' id='word_1_175' title='bbox 697 1717 782 1771; x_wconf 85' lang='lat' dir='ltr'>Ludo.</span> <span class='ocrx_word' id='word_1_176' title='bbox 815 1717 937 1783; x_wconf 82' lang='lat' dir='ltr'>ltespou-</span> 
     </span>
     <span class='ocr_line' id='line_1_23' title="bbox 93 1793 559 1861; baseline -0.002 -13"><span class='ocrx_word' id='word_1_177' title='bbox 93 1793 193 1848; x_wconf 88' lang='lat' dir='ltr'>dentur</span> <span class='ocrx_word' id='word_1_178' title='bbox 204 1797 233 1848; x_wconf 86' lang='lat' dir='ltr'>et</span> <span class='ocrx_word' id='word_1_179' title='bbox 245 1795 298 1847; x_wconf 83' lang='lat' dir='ltr'>alia</span> <span class='ocrx_word' id='word_1_180' title='bbox 308 1797 338 1847; x_wconf 89' lang='lat' dir='ltr'>et</span> <span class='ocrx_word' id='word_1_181' title='bbox 348 1794 400 1847; x_wconf 93' lang='lat' dir='ltr'>hoc</span> <span class='ocrx_word' id='word_1_182' title='bbox 411 1794 438 1845; x_wconf 91' lang='lat' dir='ltr'>in</span> <span class='ocrx_word' id='word_1_183' title='bbox 451 1793 559 1861; x_wconf 89' lang='lat' dir='ltr'>primis:</span> 
     </span>
    </p>

    <p class='ocr_par' dir='ltr' id='par_1_5' title="bbox 92 1870 938 2079">
     <span class='ocr_line' id='line_1_24' title="bbox 186 1870 844 1931; baseline 0 -13"><span class='ocrx_word' id='word_1_184' title='bbox 186 1871 368 1918; x_wconf 85' lang='lat' dir='ltr'>Proveniebant</span> <span class='ocrx_word' id='word_1_185' title='bbox 381 1874 489 1918; x_wconf 87' lang='lat' dir='ltr'>oratores</span> <span class='ocrx_word' id='word_1_186' title='bbox 501 1871 567 1931; x_wconf 87' lang='lat' dir='ltr'>novi,</span> <span class='ocrx_word' id='word_1_187' title='bbox 580 1871 651 1919; x_wconf 84' lang='lat' dir='ltr'>stulti</span> <span class='ocrx_word' id='word_1_188' title='bbox 662 1870 844 1919; x_wconf 84' lang='lat' dir='ltr'>adolescentuli.</span> 
     </span>
     <span class='ocr_line' id='line_1_25' title="bbox 93 1946 938 2018; baseline 0.001 -19"><span class='ocrx_word' id='word_1_189' title='bbox 93 1946 246 2000; x_wconf 78' lang='lat' dir='ltr'>Temeritas</span> <span class='ocrx_word' id='word_1_190' title='bbox 264 1950 306 2001; x_wconf 86' lang='lat' dir='ltr'>est</span> <span class='ocrx_word' id='word_1_191' title='bbox 324 1947 451 2001; x_wconf 87' lang='lat' dir='ltr'>videlicet</span> <span class='ocrx_word' id='word_1_192' title='bbox 468 1948 591 2002; x_wconf 87' lang='lat' dir='ltr'>florentis</span> <span class='ocrx_word' id='word_1_193' title='bbox 609 1950 716 2015; x_wconf 86' lang='lat' dir='ltr'>aetatis,</span> <span class='ocrx_word' id='word_1_194' title='bbox 735 1947 881 2018; x_wconf 86' lang='lat' dir='ltr'>prudentia</span> <span class='ocrx_word' id='word_1_195' title='bbox 899 1963 938 2001; x_wconf 91' lang='lat' dir='ltr'>se-</span> 
     </span>
     <span class='ocr_line' id='line_1_26' title="bbox 92 2022 236 2079; baseline 0.014 -5"><span class='ocrx_word' id='word_1_196' title='bbox 92 2022 236 2079; x_wconf 81' lang='lat' dir='ltr'>noscentis.</span> 
     </span>
    </p>

    <p class='ocr_par' dir='ltr' id='par_1_6' title="bbox 78 2094 941 3228">
     <span class='ocr_line' id='line_1_27' title="bbox 80 2094 939 2166; baseline 0 -16"><span class='ocrx_word' id='word_1_197' title='bbox 80 2094 82 2097; x_wconf 73' lang='grc'><strong>’</strong></span> <span class='ocrx_word' id='word_1_198' title='bbox 144 2098 213 2163; x_wconf 75' lang='grc' dir='ltr'>ΙῊΙ.</span> <span class='ocrx_word' id='word_1_199' title='bbox 244 2104 284 2153; x_wconf 79' lang='lat'>21.</span> <span class='ocrx_word' id='word_1_200' title='bbox 318 2100 357 2152; x_wconf 88' lang='lat' dir='ltr'>At</span> <span class='ocrx_word' id='word_1_201' title='bbox 375 2099 505 2153; x_wconf 85' lang='lat' dir='ltr'>memoria</span> <span class='ocrx_word' id='word_1_202' title='bbox 523 2099 661 2152; x_wconf 89' lang='lat' dir='ltr'>minuitur.</span> <span class='ocrx_word' id='word_1_203' title='bbox 698 2099 795 2166; x_wconf 87' lang='lat' dir='ltr'>Credo,</span> <span class='ocrx_word' id='word_1_204' title='bbox 811 2098 863 2151; x_wconf 91' lang='lat' dir='ltr'>nisi</span> <span class='ocrx_word' id='word_1_205' title='bbox 879 2114 939 2151; x_wconf 84' lang='lat' dir='ltr'>eam</span> 
     </span>
     <span class='ocr_line' id='line_1_28' title="bbox 93 2173 940 2234; baseline -0.001 -8"><span class='ocrx_word' id='word_1_206' title='bbox 93 2189 221 2234; x_wconf 80' lang='lat' dir='ltr'>exerceas</span> <span class='ocrx_word' id='word_1_207' title='bbox 230 2177 278 2227; x_wconf 88' lang='lat' dir='ltr'>aut</span> <span class='ocrx_word' id='word_1_208' title='bbox 290 2173 313 2226; x_wconf 90' lang='lat' dir='ltr'>si</span> <span class='ocrx_word' id='word_1_209' title='bbox 326 2173 362 2227; x_wconf 90' lang='lat' dir='ltr'>sis</span> <span class='ocrx_word' id='word_1_210' title='bbox 371 2177 469 2227; x_wconf 87' lang='lat' dir='ltr'>natura</span> <span class='ocrx_word' id='word_1_211' title='bbox 478 2174 589 2228; x_wconf 86' lang='lat' dir='ltr'>tardior.</span> <span class='ocrx_word' id='word_1_212' title='bbox 616 2174 810 2227; x_wconf 84' lang='lat' dir='ltr'>Themistocles</span> <span class='ocrx_word' id='word_1_213' title='bbox 820 2173 940 2226; x_wconf 91' lang='lat' dir='ltr'>omnium</span> 
     </span>
     <span class='ocr_line' id='line_1_29' title="bbox 95 2248 939 2316; baseline -0.001 -15"><span class='ocrx_word' id='word_1_214' title='bbox 95 2248 192 2302; x_wconf 80' lang='lat' dir='ltr'>civium</span> <span class='ocrx_word' id='word_1_215' title='bbox 210 2253 370 2316; x_wconf 87' lang='lat' dir='ltr'>perceperat</span> <span class='ocrx_word' id='word_1_216' title='bbox 388 2249 503 2303; x_wconf 82' lang='lat' dir='ltr'>nomina.</span> <span class='ocrx_word' id='word_1_217' title='bbox 540 2249 612 2301; x_wconf 85' lang='lat' dir='ltr'>Num</span> <span class='ocrx_word' id='word_1_218' title='bbox 633 2249 716 2315; x_wconf 83' lang='lat' dir='ltr'>igitur</span> <span class='ocrx_word' id='word_1_219' title='bbox 735 2249 850 2301; x_wconf 90' lang='lat' dir='ltr'>censetis</span> <span class='ocrx_word' id='word_1_220' title='bbox 870 2264 939 2315; x_wconf 85' lang='lat' dir='ltr'>euru,</span> 
     </span>
     <span class='ocr_line' id='line_1_30' title="bbox 95 2323 940 2391; baseline 0.002 -17"><span class='ocrx_word' id='word_1_221' title='bbox 95 2339 179 2390; x_wconf 89' lang='lat' dir='ltr'>quum</span> <span class='ocrx_word' id='word_1_222' title='bbox 196 2327 287 2375; x_wconf 82' lang='lat' dir='ltr'>aetate</span> <span class='ocrx_word' id='word_1_223' title='bbox 305 2324 489 2389; x_wconf 87' lang='lat' dir='ltr'>processisset,</span> <span class='ocrx_word' id='word_1_224' title='bbox 508 2324 554 2391; x_wconf 93' lang='lat' dir='ltr'>qui</span> <span class='ocrx_word' id='word_1_225' title='bbox 573 2323 712 2376; x_wconf 81' lang='lat' dir='ltr'>Aristides</span> <span class='ocrx_word' id='word_1_226' title='bbox 730 2326 804 2376; x_wconf 90' lang='lat' dir='ltr'>esset</span> <span class='ocrx_word' id='word_1_227' title='bbox 822 2323 940 2391; x_wconf 81' lang='lat' dir='ltr'>Lysima-</span> 
     </span>
     <span class='ocr_line' id='line_1_31' title="bbox 95 2397 940 2465; baseline 0.002 -15"><span class='ocrx_word' id='word_1_228' title='bbox 95 2398 174 2451; x_wconf 85' lang='lat' dir='ltr'>chum</span> <span class='ocrx_word' id='word_1_229' title='bbox 193 2397 312 2450; x_wconf 85' lang='lat' dir='ltr'>salutare</span> <span class='ocrx_word' id='word_1_230' title='bbox 330 2398 455 2451; x_wconf 90' lang='lat' dir='ltr'>solituml</span> <span class='ocrx_word' id='word_1_231' title='bbox 491 2398 624 2465; x_wconf 79' lang='lat' dir='ltr'>Equidem</span> <span class='ocrx_word' id='word_1_232' title='bbox 643 2415 697 2450; x_wconf 90' lang='lat' dir='ltr'>non</span> <span class='ocrx_word' id='word_1_233' title='bbox 715 2397 796 2451; x_wconf 90' lang='lat' dir='ltr'>mode</span> <span class='ocrx_word' id='word_1_234' title='bbox 815 2415 860 2452; x_wconf 89' lang='lat' dir='ltr'>eos</span> <span class='ocrx_word' id='word_1_235' title='bbox 878 2399 940 2452; x_wconf 82' lang='lat' dir='ltr'>nevi</span> 
     </span>
     <span class='ocr_line' id='line_1_32' title="bbox 95 2472 941 2543; baseline 0.001 -18"><span class='ocrx_word' id='word_1_236' title='bbox 95 2473 141 2542; x_wconf 78' lang='lat' dir='ltr'>qui</span> <span class='ocrx_word' id='word_1_237' title='bbox 154 2477 225 2539; x_wconf 90' lang='lat' dir='ltr'>sunt,</span> <span class='ocrx_word' id='word_1_238' title='bbox 239 2472 288 2526; x_wconf 91' lang='lat' dir='ltr'>sed</span> <span class='ocrx_word' id='word_1_239' title='bbox 299 2488 392 2526; x_wconf 90' lang='lat' dir='ltr'>eorum</span> <span class='ocrx_word' id='word_1_240' title='bbox 405 2476 498 2541; x_wconf 89' lang='lat' dir='ltr'>patres</span> <span class='ocrx_word' id='word_1_241' title='bbox 511 2474 592 2526; x_wconf 86' lang='lat' dir='ltr'>etiam</span> <span class='ocrx_word' id='word_1_242' title='bbox 605 2479 634 2527; x_wconf 92' lang='lat' dir='ltr'>et</span> <span class='ocrx_word' id='word_1_243' title='bbox 646 2490 716 2527; x_wconf 86' lang='lat' dir='ltr'>avos.</span> <span class='ocrx_word' id='word_1_244' title='bbox 746 2474 771 2526; x_wconf 92' lang='lat' dir='ltr'>N</span> <span class='ocrx_word' id='word_1_245' title='bbox 774 2491 804 2527; x_wconf 91' lang='lat' dir='ltr'>ec</span> <span class='ocrx_word' id='word_1_246' title='bbox 817 2475 941 2543; x_wconf 83' lang='lat' dir='ltr'>sepulcra</span> 
     </span>
     <span class='ocr_line' id='line_1_33' title="bbox 93 2547 941 2619; baseline -0.002 -15"><span class='ocrx_word' id='word_1_247' title='bbox 93 2550 188 2616; x_wconf 84' lang='lat' dir='ltr'>legens</span> <span class='ocrx_word' id='word_1_248' title='bbox 206 2565 308 2616; x_wconf 85' lang='lat' dir='ltr'>vereor,</span> <span class='ocrx_word' id='word_1_249' title='bbox 328 2547 401 2616; x_wconf 88' lang='lat' dir='ltr'>quod</span> <span class='ocrx_word' id='word_1_250' title='bbox 418 2549 501 2618; x_wconf 86' lang='lat' dir='ltr'>aiunt,</span> <span class='ocrx_word' id='word_1_251' title='bbox 520 2566 554 2603; x_wconf 92' lang='lat' dir='ltr'>no</span> <span class='ocrx_word' id='word_1_252' title='bbox 571 2550 730 2603; x_wconf 87' lang='lat' dir='ltr'>memoriam</span> <span class='ocrx_word' id='word_1_253' title='bbox 748 2551 878 2619; x_wconf 89' lang='lat' dir='ltr'>perdam;</span> <span class='ocrx_word' id='word_1_254' title='bbox 899 2551 941 2602; x_wconf 81' lang='lat' dir='ltr'>his</span> 
     </span>
     <span class='ocr_line' id='line_1_34' title="bbox 94 2624 939 2692; baseline 0.002 -14"><span class='ocrx_word' id='word_1_255' title='bbox 94 2625 166 2679; x_wconf 86' lang='lat' dir='ltr'>enim</span> <span class='ocrx_word' id='word_1_256' title='bbox 190 2625 256 2692; x_wconf 89' lang='lat' dir='ltr'>ipsis</span> <span class='ocrx_word' id='word_1_257' title='bbox 280 2624 403 2692; x_wconf 85' lang='lat' dir='ltr'>legendis</span> <span class='ocrx_word' id='word_1_258' title='bbox 426 2626 454 2678; x_wconf 92' lang='lat' dir='ltr'>in</span> <span class='ocrx_word' id='word_1_259' title='bbox 474 2626 631 2680; x_wconf 88' lang='lat' dir='ltr'>memoriam</span> <span class='ocrx_word' id='word_1_260' title='bbox 656 2626 739 2681; x_wconf 88' lang='lat' dir='ltr'>redeo</span> <span class='ocrx_word' id='word_1_261' title='bbox 763 2630 939 2680; x_wconf 88' lang='lat' dir='ltr'>mortuorum.</span> 
     </span>
     <span class='ocr_line' id='line_1_35' title="bbox 95 2701 864 2770; baseline 0 -14"><span class='ocrx_word' id='word_1_262' title='bbox 95 2701 153 2756; x_wconf 87' lang='lat' dir='ltr'>Nec</span> <span class='ocrx_word' id='word_1_263' title='bbox 172 2715 236 2754; x_wconf 80' lang='lat' dir='ltr'>vero</span> <span class='ocrx_word' id='word_1_264' title='bbox 256 2717 420 2770; x_wconf 88' lang='lat' dir='ltr'>quemquam</span> <span class='ocrx_word' id='word_1_265' title='bbox 441 2718 533 2757; x_wconf 88' lang='lat' dir='ltr'>senem</span> <span class='ocrx_word' id='word_1_266' title='bbox 560 2703 650 2756; x_wconf 87' lang='lat' dir='ltr'>audivi</span> <span class='ocrx_word' id='word_1_267' title='bbox 672 2703 787 2757; x_wconf 90' lang='lat' dir='ltr'>oblitum</span> <span class='ocrx_word' id='word_1_268' title='bbox 809 2717 864 2770; x_wconf 91' lang='lat' dir='ltr'>quo</span> 
     </span>
     <span class='ocr_line' id='line_1_36' title="bbox 93 2777 824 2846; baseline 0.001 -17"><span class='ocrx_word' id='word_1_269' title='bbox 93 2777 251 2830; x_wconf 84' lang='lat' dir='ltr'>thesaurum</span> <span class='ocrx_word' id='word_1_270' title='bbox 263 2777 406 2831; x_wconf 83' lang='lat' dir='ltr'>obmisset.</span> <span class='ocrx_word' id='word_1_271' title='bbox 443 2777 540 2830; x_wconf 89' lang='lat' dir='ltr'>Omnia</span> <span class='ocrx_word' id='word_1_272' title='bbox 553 2795 623 2846; x_wconf 85' lang='lat' dir='ltr'>quae</span> <span class='ocrx_word' id='word_1_273' title='bbox 635 2783 731 2831; x_wconf 88' lang='lat' dir='ltr'>curant</span> <span class='ocrx_word' id='word_1_274' title='bbox 744 2778 824 2832; x_wconf 87' lang='lat' dir='ltr'>mcm&#39;</span> 
     </span>
     <span class='ocr_line' id='line_1_37' title="bbox 94 2852 845 2929; baseline 0.001 -25"><span class='ocrx_word' id='word_1_275' title='bbox 94 2853 247 2905; x_wconf 86' lang='lat' dir='ltr'>vadimonia</span> <span class='ocrx_word' id='word_1_276' title='bbox 267 2853 430 2917; x_wconf 87' lang='lat' dir='ltr'>constituta;</span> <span class='ocrx_word' id='word_1_277' title='bbox 454 2854 500 2922; x_wconf 91' lang='lat' dir='ltr'>qui</span> <span class='ocrx_word' id='word_1_278' title='bbox 522 2854 580 2917; x_wconf 90' lang='lat' dir='ltr'>sibi,</span> <span class='ocrx_word' id='word_1_279' title='bbox 599 2854 642 2907; x_wconf 90' lang='lat' dir='ltr'>eui</span> <span class='ocrx_word' id='word_1_280' title='bbox 663 2854 716 2927; x_wconf 82' lang='lat' dir='ltr'>ipsi</span> <span class='ocrx_word' id='word_1_281' title='bbox 736 2852 791 2905; x_wconf 93' lang='lat' dir='ltr'>deb</span> <span class='ocrx_word' id='word_1_282' title='bbox 840 2916 845 2929; x_wconf 38' lang='grc' dir='ltr'>Ι</span> 
     </span>
     <span class='ocr_line' id='line_1_38' title="bbox 95 2923 787 2998; baseline -0.006 -18"><span class='ocrx_word' id='word_1_283' title='bbox 95 2927 168 2990; x_wconf 72' lang='lat' dir='ltr'>Quid</span> <span class='ocrx_word' id='word_1_284' title='bbox 181 2928 376 2995; x_wconf 88' lang='lat' dir='ltr'>jurisconsulti,</span> <span class='ocrx_word' id='word_1_285' title='bbox 394 2928 464 2998; x_wconf 89' lang='lat' dir='ltr'>quid</span> <span class='ocrx_word' id='word_1_286' title='bbox 478 2929 638 2998; x_wconf 77' lang='lat' dir='ltr'>pontilsees,</span> <span class='ocrx_word' id='word_1_287' title='bbox 654 2928 732 2993; x_wconf 62' lang='lat' dir='ltr'>opud</span> <span class='ocrx_word' id='word_1_288' title='bbox 743 2923 787 2972; x_wconf 60' lang='lat' dir='ltr'>su</span> 
     </span>
     <span class='ocr_line' id='line_1_39' title="bbox 90 2990 836 3081; baseline -0.004 -25"><span class='ocrx_word' id='word_1_289' title='bbox 90 3002 246 3074; x_wconf 79' lang='lat' dir='ltr'>philosophi</span> <span class='ocrx_word' id='word_1_290' title='bbox 270 3021 360 3076; x_wconf 89' lang='lat' dir='ltr'>senes,</span> <span class='ocrx_word' id='word_1_291' title='bbox 382 3023 471 3076; x_wconf 81' lang='lat' dir='ltr'>quam</span> <span class='ocrx_word' id='word_1_292' title='bbox 491 3004 590 3059; x_wconf 71' lang='lat' dir='ltr'>mmm</span> <span class='ocrx_word' id='word_1_293' title='bbox 611 2990 836 3081; x_wconf 40' lang='lat' dir='ltr'>mersisneffiffi·</span> 
     </span>
     <span class='ocr_line' id='line_1_40' title="bbox 83 3057 849 3159; baseline -0.021 -12"><span class='ocrx_word' id='word_1_294' title='bbox 83 3078 196 3147; x_wconf 74' lang='lat' dir='ltr'>ingenia</span> <span class='ocrx_word' id='word_1_295' title='bbox 209 3083 338 3156; x_wconf 77' lang='lat' dir='ltr'>senibm,</span> <span class='ocrx_word' id='word_1_296' title='bbox 349 3084 440 3140; x_wconf 89' lang='lat' dir='ltr'>medo</span> <span class='ocrx_word' id='word_1_297' title='bbox 455 3080 640 3156; x_wconf 74' lang='lat' dir='ltr'>permaneat</span> <span class='ocrx_word' id='word_1_298' title='bbox 651 3067 799 3159; x_wconf 40' lang='lat' dir='ltr'>stffiffl?</span> <span class='ocrx_word' id='word_1_299' title='bbox 809 3057 849 3104; x_wconf 60' lang='lat'>&#39;²³⁸</span> 
     </span>
     <span class='ocr_line' id='line_1_41' title="bbox 78 3126 825 3228; baseline -0.007 -12"><span class='ocrx_word' id='word_1_300' title='bbox 78 3170 134 3212; x_wconf 74' lang='lat' dir='ltr'>acc</span> <span class='ocrx_word' id='word_1_301' title='bbox 152 3175 187 3216; x_wconf 84' lang='lat' dir='ltr'>ea</span> <span class='ocrx_word' id='word_1_302' title='bbox 207 3163 308 3222; x_wconf 83' lang='lat' dir='ltr'>solum</span> <span class='ocrx_word' id='word_1_303' title='bbox 331 3166 371 3222; x_wconf 80' lang='lat' dir='ltr'>iu¹</span> <span class='ocrx_word' id='word_1_304' title='bbox 385 3164 480 3228; x_wconf 74' lang='lat' dir='ltr'>elaris</span> <span class='ocrx_word' id='word_1_305' title='bbox 500 3164 536 3220; x_wconf 78' lang='lat' dir='ltr'>et</span> <span class='ocrx_word' id='word_1_306' title='bbox 551 3151 727 3213; x_wconf 57' lang='lat' dir='ltr'>ueneram</span> <span class='ocrx_word' id='word_1_307' title='bbox 739 3126 825 3188; x_wconf 40' lang='grc' dir='ltr'>ὦ*</span> 
     </span>
    </p>
   </div>
   <div class='ocr_carea' id='block_1_5' title="bbox 0 0 1062 3404">
    <p class='ocr_par' dir='ltr' id='par_1_7' title="bbox 0 0 1062 3404">
     <span class='ocr_line' id='line_1_42' title="bbox 0 0 1062 3404; baseline 0 0"><span class='ocrx_word' id='word_1_308' title='bbox 0 0 1062 3404; x_wconf 95' lang='lat' dir='ltr'> </span> 
     </span>
    </p>
   </div>
  </div>
 </body>
</html>
