2084 3404
245 149 251 160 ·
295 141 554 193 narsuounauru
571 141 674 189 mam
693 132 799 192 12qu
921 153 967 204 ror

109 217 163 284 non
177 242 288 298 pessum
304 240 359 278 non
375 222 500 277 confiteri
518 221 650 276 cumulari
664 237 709 275 me
723 223 842 278 maximo
858 228 977 294 gaudio·

109 305 184 372 quod
200 299 440 371 vulgohomin'um
459 298 549 368 opinio
568 298 671 352 soeium
688 315 733 354 me
755 301 894 355 adscribat
912 305 968 357 tuin

108 380 242 435 laudibus.
278 372 422 432 Neminem
438 377 714 430 conveni-eonvenio
730 380 824 430 autem
844 379 968 447 quotidie

31 490 36 499 ·
108 457 248 527 plurimos,
261 449 328 509 sunt'
338 455 410 509 enim
422 454 553 523 permulti
566 454 662 522 optimi
674 453 726 506 viri
739 455 787 523 qui
801 455 967 509 valetudinis

109 549 191 587 eausa
202 532 230 586 in
245 532 313 586 haee
328 528 393 596 leba¹
405 531 523 597 veniant,
537 535 681 598 praeterea
698 547 732 584 ex
746 531 900 600 municipiis
915 532 968 584 fre-

109 611 226 678 quentes
249 608 394 662 necessarii
411 607 566 675 mei-quin
584 623 685 674 omnes,
704 624 789 676 quum
807 611 837 662 te
855 607 967 661 summio

107 685 236 739 laudibus
248 685 284 739 ad
301 685 405 739 eaelum
423 684 590 749 extulerunt,
608 684 674 737 mihi
689 685 818 738 continuo
835 684 966 737 maximas

107 761 212 828 gratias
229 763 320 830 agant.
355 760 468 827 Negant
486 760 558 813 onim
578 777 607 813 se
625 760 752 814 dubitare
771 761 884 829 quintu
899 760 966 813 meis

107 837 263 906 praeceptis
275 840 304 891 et
316 837 435 890 consiliis
447 836 640 903 obtemperans
657 837 922 904 praestantissimum
937 840 967 890 te

29 947 33 959 ·
107 913 200 983 civem,
212 918 242 968 et
266 912 432 981 singularem
456 912 593 966 consulem
612 912 752 980 praebeas.
792 914 897 978 Quibus
915 929 966 980 ego

108 1005 275 1058 quamquam
286 989 426 1043 verissimo
440 1005 551 1058 possum
568 988 733 1057 respondere
750 992 779 1042 te
796 1006 867 1057 quae
884 990 966 1042 facias

107 1068 156 1118 tuo
170 1064 276 1139 juditio
295 1068 324 1119 et
341 1068 389 1119 tua
401 1069 504 1133 sponte
522 1065 613 1118 faeere
630 1081 680 1119 neo
704 1065 866 1132 cujusquam
885 1081 967 1131 egero
1001 1124 1006 1131 ,

108 1141 228 1209 eonsffio,
252 1144 344 1194 tamen
368 1157 458 1209 neque
482 1140 562 1209 plane
587 1141 727 1206 assentior,
751 1157 786 1193 ne
808 1141 966 1193 imminuam

107 1221 188 1270 tuam
196 1217 314 1283 laudem,
328 1217 350 1270 si
362 1217 449 1270 omnis
458 1233 475 1268 a
484 1217 551 1270 meis
561 1216 680 1270 consiliis
689 1216 813 1285 profecta
828 1216 966 1278 videatur,

106 1308 198 1360 neque
208 1293 288 1346 valde
304 1309 391 1360 nego:
409 1310 468 1346 sum
486 1293 557 1346 enim
575 1292 681 1345 aridior
699 1293 781 1345 etiam
801 1309 883 1360 quam
898 1293 966 1346 satis

107 1371 150 1422 est
166 1368 286 1436 gloriae:
305 1373 334 1422 et
351 1372 445 1422 tamon
463 1385 517 1422 non
535 1368 652 1422 alienum
679 1371 722 1422 est
747 1368 885 1436 dignitate
909 1371 966 1436 tua,

107 1444 182 1512 quod
193 1444 245 1514 ipsi
259 1444 458 1512 Agamemnoni
470 1462 566 1513 regum
579 1445 638 1513 regi
648 1445 701 1499 init
711 1444 854 1498 honesturn
865 1444 966 1498 habero

107 1519 224 1588 aliquem
237 1521 265 1574 in
281 1521 399 1574 consiliis
415 1521 556 1589 capiendis
570 1522 724 1590 Nestorem,
740 1522 807 1575 mihi
826 1538 891 1575 vero
909 1521 965 1589 glo·

106 1595 208 1649 riosum
231 1600 261 1650 te
281 1597 410 1664 juvenem
436 1598 573 1652 consulem
603 1598 701 1652 florere
729 1598 857 1652 laudibus
887 1598 966 1666 quasi

106 1671 245 1725 alumnum
265 1673 423 1740 disciplinae
443 1691 528 1727 meae.
565 1675 596 1728 In.
619 1675 731 1742 quidem
753 1676 861 1740 Caesar,
881 1691 965 1740 quum

106 1747 142 1801 ad
160 1765 223 1801 eum
238 1752 380 1819 aegrotum
400 1749 543 1816 Neapolim
561 1750 704 1813 venissem,
722 1766 885 1816 quamquam
904 1755 965 1804 erat

106 1841 254 1892 oppressus
277 1825 363 1877 totius
387 1824 507 1890 eorporis
525 1823 672 1890 doloribus,
689 1827 782 1876 tamen
800 1828 864 1877 ante
883 1841 964 1892 qnam

105 1915 150 1954 me
167 1900 250 1969 plane
267 1899 401 1965 salutarit,
421 1897 444 1951 Ο
463 1898 501 1952 nri
520 1899 622 1966 Cicero,
644 1899 742 1968 inquit,
765 1900 887 1967 gratulor
912 1895 964 1954 tibi

106 1993 192 2044 quum
215 1979 324 2029 tantum
342 1975 417 2028 vales
435 1974 509 2045 apud
526 1975 698 2031 Dolabellam
717 1980 850 2046 quantum
869 1977 892 2029 si
911 1993 965 2045 ego

106 2053 181 2120 apud
205 2052 304 2106 sororis
328 2051 415 2104 fihum
433 2052 558 2120 valerem,
573 2051 633 2121 jam
652 2053 719 2106 salvi
738 2071 797 2108 esse
815 2070 964 2122 possemus.

106 2127 265 2182 Dolabellae
288 2145 352 2182 vero
376 2133 425 2193 tuo
443 2130 472 2183 et
489 2130 618 2197 gratulor,
638 2134 667 2182 et
683 2130 787 2196 gratias
805 2146 863 2196 ago,
882 2138 964 2196 quem

107 2205 217 2271 quidem
236 2208 344 2273 postte
361 2205 498 2258 consulem
519 2204 606 2257 solum
625 2221 770 2272 possumus
789 2221 854 2258 vere
871 2221 964 2259 consu-

105 2279 158 2332 lem
172 2280 271 2333 dicere.
307 2279 415 2351 Deinde
428 2279 515 2332 multa
528 2279 563 2332 de
575 2280 648 2333 sacto
660 2297 692 2333 ae
704 2280 739 2333 de
752 2297 782 2333 re
794 2284 887 2348 gesta3
905 2284 963 2335 tum

105 2355 173 2408 nihil
193 2355 418 2422 magnificentius,
436 2354 503 2406 nihil
524 2355 689 2423 praeclarius
709 2360 801 2409 aetum
825 2373 965 2423 umquam,

105 2431 172 2483 nihil
185 2430 361 2501 reipublicae
378 2432 532 2485 salutarius
569 2433 665 2500 Atque
682 2432 750 2486 haee
766 2449 821 2486 una
837 2449 890 2485 uox
907 2451 963 2487 om-

105 2508 179 2560 ninm
192 2511 242 2561 est
514 2533 517 2539 ⁴
727 2574 731 2583 ¹
833 2534 835 2538 ⁸

157 2585 184 2636 A
192 2587 222 2637 te
233 2585 326 2636 autem
335 2585 440 2650 petunt
448 2599 492 2636 me
504 2583 574 2637 hanc
586 2584 663 2652 quasi
673 2584 770 2639 falsam
779 2587 962 2642 hereditatem

104 2657 208 2713 alienae
219 2658 322 2727 gloriae
340 2659 412 2711 sinas
428 2675 548 2729 cernere,
564 2659 664 2729 meque
681 2661 772 2732 aliqua
787 2680 821 2716 ex
837 2669 917 2733 parte
933 2664 962 2717 in

67 2798 78 2816 ο
105 2736 263 2789 societatem
276 2738 385 2788 tatarum
398 2734 510 2788 laudum
522 2737 616 2790 venire
632 2738 745 2806 patiare.
783 2740 961 2810 Quamquam,

105 2809 142 2862 mi
162 2810 311 2877 Dolabella,
326 2810 394 2864 haee
413 2811 485 2865 enim
500 2812 611 2880 jocatus
632 2830 699 2880 snm,
719 2814 848 2867 libentius
868 2832 962 2869 omnes

105 2901 187 2954 urens,
200 2887 222 2940 si
235 2886 315 2941 modo
328 2890 393 2941 sunt
405 2888 514 2956 aliquae
532 2905 610 2953 meae
627 2889 731 2959 laudes,
745 2891 781 2942 ad
795 2894 824 2943 te
845 2893 963 2946 transfu-

105 2961 193 3015 derim
206 2979 288 3033 quam
300 2964 419 3036 ahquam
430 2969 544 3036 partem
556 2965 737 3020 exhauserim
751 2983 791 3016 aa
799 2967 873 3015 aas.
895 2967 987 3035 saxa

98 3056 185 3106 quum
197 3043 227 3095 te
239 3058 351 3116 semper
367 3047 488 3102 tantum
504 3043 663 3100 dilexerim
680 3042 829 3110 quantum
841 3038 884 3081 m
893 3028 1008 3118 &namne

87 3131 158 3183 gere
176 3122 311 3197 potuisti,
329 3125 463 3183 tumbis
483 3126 549 3183 tuis
568 3121 662 3179 laetis
677 3119 725 3173 sie
738 3106 994 3212 ineensnff}

79 3192 155 3250 ”iffi
174 3215 329 3276 'uniquam
352 3206 390 3264 in
418 3223 525 3265 amora
550 3201 657 3260 iuer'it
676 3184 861 3251 assentias:

872 3326 1004 3364 Γ..
