2084 3404
100 134 131 181 56
326 130 364 180 Μ.
383 129 510 179 TULLII
531 128 723 178 CICERONIS

98 215 130 265 ut
149 210 188 265 ait
205 210 279 264 idem
298 209 449 276 Terentius,
469 208 517 263 sed
536 208 582 272 ille
602 209 629 262 in
649 207 802 262 Gnathonis
818 222 951 276 persona:

99 286 175 355 quod
190 287 269 339 amici
288 303 375 353 genus
395 286 527 338 adhibere
551 285 658 338 omnino
682 284 802 336 levitatis
826 290 875 338 est.
910 290 952 338 94.

100 362 182 415 Multi
204 366 295 416 autem
314 362 488 419 Gnathonum
509 361 611 413 similes
622 391 624 395 ι
635 376 719 429 quum
739 360 795 413 sint
813 360 879 426 Ioco,
898 361 952 414 for-

99 441 173 504 tuna,
197 437 271 491 fama
289 437 448 505 superiores,
470 436 567 488 horum
589 436 804 490 estassentatio
828 436 951 502 molesta,

100 530 184 580 quum
208 514 250 567 ad,
267 513 415 566 vanitatem
440 511 553 565 accessit
577 513 732 566 auotoritas.
774 518 815 566 95.
840 511 952 565 Secerni

100 595 191 642 autem
208 588 325 642 blandus
345 588 447 640 amicus
463 603 480 640 a
494 603 559 639 vero
576 591 606 641 et
626 587 772 642 internosci
788 592 844 641 tam
858 591 952 657 potest

99 664 224 717 adhibita
240 664 384 730 diligentia
404 679 487 731 quam
510 663 601 715 omnia
620 663 711 716 fucata
734 667 763 718 et
784 663 911 717 simulata
935 679 952 716 a

36 731 38 739 '
100 740 209 791 sinceris
238 743 323 806 atque
346 738 434 792 verisr
464 738 560 791 Contio
582 755 653 806 quae
681 755 716 791 cx
740 739 951 807 imperitissimis

100 818 214 879 constat,
229 819 322 866 tamen
337 814 463 882 judicare
480 814 549 867 solet
568 814 635 882 quid
655 814 765 868 intersit
780 816 853 868 inter
868 831 953 883 popu-

101 890 191 955 larem,
208 889 237 941 id
258 893 308 956 ost,
328 893 526 943 assentatorem
547 895 576 942 ot
600 889 688 942 levem
711 891 810 957 etvem,
827 894 856 944 et
880 891 952 945 inter

101 969 278 1030 constantem,
291 982 423 1032 severum,
436 968 469 1031 et
477 982 595 1032 gravem.
631 971 671 1019 96.
691 964 795 1028 Quibus
811 965 952 1019 blanditiis

101 1041 130 1093 C.
152 1040 278 1108 Papirius
298 1058 387 1109 nuper
401 1041 533 1094 influebat
561 1041 589 1094 in
607 1057 686 1094 aures
705 1041 845 1109 contionis,
867 1058 952 1109 quum

101 1116 185 1169 ferret
209 1117 297 1184 legem
324 1117 359 1170 do
380 1116 498 1170 tribunis
523 1116 612 1185 plebis
641 1116 804 1170 reficiendis.
840 1117 952 1171 Dissua»

101 1193 184 1245 simus
207 1210 263 1247 nos.
311 1193 367 1247 Sed
390 1193 457 1245 nihil
486 1193 522 1246 de
549 1210 610 1248 me:
639 1193 675 1246 de
706 1194 830 1261 Scipione
862 1193 951 1246 dicam

101 1267 237 1323 libentius.
282 1269 391 1333 Quanta
413 1268 461 1335 iili,
482 1268 521 1321 dii
544 1269 719 1335 immortales,
744 1268 797 1322 fuit
820 1269 950 1337 gravitas,

93 1341 205 1411 'quanta
225 1345 253 1397 in
277 1345 399 1398 oratione
420 1344 558 1413 majestas,
582 1347 614 1398 ut
637 1344 716 1404 facile
733 1344 834 1403 ¹ducem
858 1345 951 1412 populi

104 1420 217 1473 Itomani
229 1437 282 1477 non
295 1421 421 1474 comitem
441 1421 553 1473 diceres.
590 1420 645 1472 Sed
661 1420 843 1486 adfiliatis-et
860 1424 902 1472 est
923 1419 950 1471 in

102 1495 225 1548 manibus
242 1497 335 1550 oratio.
374 1497 472 1564 Itaque
489 1496 534 1548 Iex
553 1495 690 1564 popularis
706 1494 840 1562 suffragiis
858 1493 951 1562 populi

102 1570 246 1638 repudiata
258 1576 307 1625 cst.
344 1575 439 1639 Atque
450 1577 482 1624 ut
497 1571 533 1624 ad
545 1587 593 1624 me
605 1570 724 1637 redeam,
740 1569 902 1622 meministis
920 1569 950 1634 Q.

104 1647 222 1700 Maximo
236 1648 321 1701 fratre
334 1648 466 1716 Scipionis
478 1650 508 1700 et
521 1647 551 1700 L.
563 1646 689 1699 Mancino
702 1645 857 1699 oonsulibus
869 1662 951 1714 quam

102 1723 238 1790 popularis
254 1723 300 1777 lex
313 1724 348 1777 de
360 1722 520 1776 sacerdotiis
536 1721 567 1776 C.
581 1721 678 1777 Licinii
691 1721 781 1776 Crassi
798 1720 951 1774 videbatur.

104 1798 246 1868 Cooptatio
261 1801 333 1853 enim
345 1800 519 1866 collegiorum
531 1797 568 1852 ad
579 1798 672 1866 populi
688 1797 852 1851 beneficium
864 1801 952 1851 trans-

103 1874 249 1944 ferebatur,
271 1881 355 1942 atque
378 1875 401 1927 is
425 1875 528 1942 primus
552 1874 682 1928 instituit
696 1874 724 1927 in
747 1873 836 1927 forum
859 1890 953 1926 versus

103 1965 184 2015 agere
201 1967 261 2003 cum
281 1951 394 2018 populo;
413 1954 506 2003 tamen
524 1950 596 2003 iliius
611 1949 783 2004 ‘vendibilem
804 1949 954 2002 orationem

103 2024 197 2091 religio
210 2026 322 2078 deorum
339 2026 531 2078 immortalium
548 2026 625 2077 nobis
642 2024 853 2097 defendentibus
873 2022 953 2075 facile

103 2100 236 2154 vincebat,
272 2101 366 2168 Atque
378 2101 407 2153 id
419 2105 509 2155 actum
522 2105 564 2153 est
576 2104 702 2167 praetore
712 2115 755 2151 me
767 2099 954 2166 quinquennio

102 2180 167 2233 ante
177 2193 258 2245 quarn
267 2177 360 2231 consul
373 2194 432 2231 sum
441 2179 537 2231 factus.
563 2175 608 2229 Ita
619 2191 651 2228 re
662 2174 749 2243 magis
757 2192 839 2245 quam
849 2190 954 2228 summa

104 2253 268 2307 auctoritate
280 2270 362 2306 causa
373 2253 420 2305 illa
432 2253 545 2306 defensa
557 2255 607 2305 est
684 2286 687 2292 n

156 2328 261 2382 XXVI.
280 2331 320 2385 97.
345 2325 424 2391 Quod
440 2325 463 2377 si
474 2325 505 2377 in
523 2341 609 2391 scena,
625 2323 720 2389 idest,
737 2322 766 2376 in
781 2321 915 2388 contione,
927 2320 956 2374 in

105 2421 159 2471 qna
171 2404 252 2456 rebus
265 2403 335 2457 fictis
347 2405 377 2455 ct
388 2401 559 2454 adumbratis
571 2401 621 2453 loci
633 2400 781 2468 plurimum
794 2401 843 2462 est,
861 2401 954 2450 tamen

106 2495 199 2530 vorum
214 2479 294 2544 vaiet,
310 2477 428 2530 simodo
445 2476 474 2528 id
490 2475 658 2544 patefactum
675 2479 704 2528 et
720 2474 887 2527 illustratum
904 2475 955 2537 est,

106 2552 173 2621 quid
190 2552 219 2603 in
237 2551 356 2604 amicitia
376 2550 435 2603 ficri
456 2553 565 2618 oportet
586 2565 656 2617 quae
677 2553 737 2602 tota
757 2547 875 2600 veritate
895 2560 956 2613 pcr-

106 2626 255 2696 pcnditurf
273 2625 301 2677 in
313 2641 368 2692 qua
379 2625 438 2689 nisi,
450 2628 482 2677 ut
495 2623 602 2688 dicitur,
614 2628 740 2688 apertum
756 2624 852 2688 pectus
864 2618 957 2670 videas

106 2708 239 2770 tuumque
254 2699 390 2766 ostendas,
401 2699 468 2752 nihil
479 2699 573 2762 fidum,
586 2695 652 2768 nihil
662 2695 832 2762 exploratum
841 2692 957 2757 habeas5

107 2795 141 2832 ne
159 2793 250 2831 amare
269 2775 380 2846 quidem
401 2779 448 2828 aut
466 2773 557 2836 amari,
576 2786 661 2840 quum
679 2770 708 2822 id
726 2785 809 2838 quam
826 2785 891 2823 vere
909 2769 957 2823 fiat

107 2857 222 2921 ignores.
251 2852 422 2921 Quamquam
434 2851 487 2904 ista
498 2847 655 2912 assentatio,
668 2846 791 2916 quamvis
803 2845 957 2914 perniciosa

108 2931 152 2997 sit,
164 2947 262 2984 nocere
273 2933 365 2983 tamen
373 2926 474 2980 nemini
483 2927 575 2994 potest
584 2923 636 2976 nisi
646 2923 670 2976 ei
681 2923 727 2991 qui
737 2938 797 2976 eam
807 2921 906 2990 recipit
916 2926 957 2975 at

93 3021 152 3068 quc
165 3023 196 3056 ca
210 3007 378 3062 delectatur.
404 3004 420 3058 I
422 3007 451 3059 ta
463 3002 496 3058 fit
508 3006 540 3056 ut
549 3001 574 3054 is
582 2998 800 3055 assentatoribus
810 2997 959 3066 patefaciat

68 3144 74 3158 1
111 3096 164 3132 res
173 3100 245 3140 suas
256 3091 390 3159 maxime,
405 3089 453 3161 qui
467 3089 529 3160 ipse
539 3086 597 3142 sibi
604 3087 765 3142 assentetur
775 3085 807 3136 et
815 3078 977 3158 semanima

68 3160 124 3208 mo
138 3156 280 3219 delectet.
323 3174 367 3224 98.
384 3168 515 3227 Onrrrino
528 3170 578 3226 cst
592 3181 695 3222 amans
704 3152 995 3231 seruaturum
