2084 3404
306 125 396 175 CATO
413 123 546 173 MAJOR.
581 122 659 171 CAP.
677 114 726 172 IV.
744 122 777 172 V.
941 125 956 170 5
999 120 1007 130 ”

110 206 267 264 consularis.
302 206 354 259 Est
370 205 398 258 in
416 204 543 259 manibus
557 204 687 271 laudatio,
701 221 783 272 quam
795 219 880 272 quum
891 202 958 271 legi-

17 276 20 281 ⁴
72 285 75 290 '
108 300 177 352 nius,
193 299 276 352 quem
292 280 483 350 philosophum
498 297 554 336 non
572 281 786 334 contemnimus?
821 279 847 332 N
850 295 881 332 ec
893 295 958 332 vero

108 359 156 412 ille
173 360 202 412 in
221 358 281 411 luco
301 356 382 410 modo
400 359 490 425 atque¹
501 357 530 410 iu
550 356 634 410 oculis
648 355 747 409 civium
767 371 888 423 magnus,
908 354 957 408 sed

89 471 91 476 ,
109 435 183 489 intus
204 433 333 500 domique
352 433 545 502 praestantior.
581 431 634 496 Qui
658 435 762 485 sermo!
789 447 859 500 quae
881 447 958 498 prae-

109 514 204 578 ceptat
224 511 327 577 quanta
344 508 443 562 notitia
461 507 649 575 antiquitatis!
669 523 740 575 quae
758 505 871 559 scientia
884 504 957 572 juris

109 585 230 653 augurii!
267 584 374 639 Multae
387 584 471 638 etiam
487 588 520 638 ut
536 584 565 636 in
582 583 692 636 homine
705 581 828 635 Romano
839 581 957 635 litterae.

110 661 208 714 Omnia
219 660 351 714 memoria
358 658 480 726 tenebat,
490 676 544 712 non
554 658 705 713 domestica
713 657 800 710 solum
813 656 862 710 sed
873 656 957 710 etiam

110 741 224 790 externa
234 735 315 791 bella.
351 735 436 804 Cujus
453 752 578 789 sermone
595 735 635 789 ita
652 738 712 788 tum
729 732 828 802 cupido
844 731 957 788 fruebar

110 813 187 881 quasi
194 812 254 880 jam
266 811 425 881 divinarem,
443 812 473 866 id
491 811 566 881 quod
578 812 677 878 evenit,
689 810 736 864 illo
749 809 886 863 exstincto
897 809 956 863 iore

109 888 183 942 unde
195 888 328 942 discerem
340 889 490 949 neminem]

161 964 195 1018 V.
222 969 261 1018 13.
288 964 422 1029 Quorsum
434 959 519 1032 igitur
529 962 597 1017 haec
608 962 762 1016 tammulta
773 961 809 1014 de
818 961 956 1016 Maximoi

110 1038 180 1103 Quia
198 1040 320 1108 profecto
336 1039 438 1093 ridetis
454 1040 531 1092 nefas
549 1055 609 1092 esso
628 1037 704 1091 dictu
724 1038 851 1090 miseram
872 1037 956 1090 fuisso

109 1114 193 1168 talem
210 1118 390 1177 senectutem
410 1132 462 1171 nec
490 1117 583 1168 tamen
595 1129 688 1166 omnes
702 1116 815 1180 possunt
828 1129 887 1166 esse
900 1112 956 1166 Sci·
1016 1103 1021 1126 '

110 1189 204 1257 piones
220 1192 269 1242 aut
281 1189 394 1242 Maximi
410 1193 443 1242 ut
458 1188 567 1242 urbium
583 1188 803 1256 expugnationes,
816 1192 848 1241 ut
860 1188 957 1255 pedes-

109 1272 168 1318 tres
180 1264 322 1318 navalcsve
335 1280 445 1332 pugnas,
458 1267 490 1318 ut
503 1263 576 1317 bella
590 1280 648 1316 ase
659 1265 744 1330 gesta,
756 1266 788 1316 ut
804 1263 957 1332 triumphos

110 1339 296 1394 recordentur.
333 1339 383 1392 Est
404 1340 487 1393 etiam
507 1340 600 1408 quiete
621 1341 650 1393 et
673 1355 742 1407 pure
765 1342 794 1392 et
817 1339 955 1407 eleganter

110 1419 188 1470 actae
206 1416 306 1469 aetatis
323 1414 429 1483 placida
444 1431 476 1468 ac
493 1414 561 1468 lenis
579 1419 712 1482 senectus,
727 1415 835 1484 qualem
853 1416 955 1484 accepi-

110 1508 178 1546 mus·
188 1491 308 1547 Platonis
326 1491 373 1558 qui
391 1507 446 1544 uno
463 1495 493 1544 et
509 1491 676 1558 octogesimo
691 1506 760 1544 anno
776 1490 896 1545 scribens
912 1494 956 1545 cst

109 1572 248 1632 mortuum
266 1566 374 1635 qualem
394 1567 523 1621 Isocratis
540 1567 587 1635 qui
605 1583 667 1621 eum
685 1566 786 1620 librum
804 1567 851 1635 qui
870 1567 955 1620 Paua-

110 1643 251 1696 thenaicus
267 1642 425 1696 inscribitur
438 1647 537 1710 quarto
553 1646 583 1696 et
598 1643 772 1710 nonagesimo
787 1659 857 1696 anno
872 1643 956 1711 scrip-

111 1718 178 1772 sisse
203 1735 232 1771 se
257 1718 331 1784 dicit,
355 1719 479 1787 vixitque
502 1718 716 1787 quinquennium
739 1721 850 1786 postea;
879 1718 957 1788 eujus

111 1795 241 1862 magister
255 1794 403 1848 Leontinus
420 1794 535 1862 Gorgias
549 1797 658 1848 centum
673 1795 702 1847 et
717 1797 823 1863 septem
840 1794 957 1863 comple-

112 1869 151 1923 vit
164 1885 250 1922 annos
263 1885 353 1936 neque
364 1886 485 1938 unquam
500 1869 527 1923 in
542 1886 591 1924 suo
605 1869 697 1923 studio
710 1872 795 1938 atque
807 1885 888 1938 opere
901 1887 956 1924 cca-

112 1944 190 1998 savit.
226 1944 286 2010 Qui,
302 1961 386 2012 quum
401 1962 435 1998 ex
450 1962 481 1999 co
497 1948 677 2013 quaereretur
690 1962 739 1999 cur
752 1945 859 2000 tamdiu
874 1946 958 2000 vellet

112 2037 172 2074 osso
188 2021 216 2075 in
233 2020 298 2088 rita,
316 2021 383 2074 nihil
400 2021 496 2088 habeo,
515 2023 611 2091 inquit,
629 2023 704 2090 quod
722 2039 846 2077 accusem
868 2039 958 2076 senec-

111 2099 210 2150 tutem.
247 2102 287 2151 14.
318 2097 491 2152 Praeclarum
513 2114 672 2166 responsum
694 2102 723 2152 et
746 2099 826 2152 docto
849 2098 958 2151 homine

112 2172 231 2240 dignum.
268 2173 322 2226 Sua
337 2173 409 2226 enim
420 2174 488 2226 sitia
504 2174 662 2242 insipientes
679 2176 708 2226 et
724 2190 800 2227 suam
812 2174 918 2241 culpam
929 2174 958 2227 in

112 2251 281 2302 senectutem
294 2249 451 2314 conferunt3
470 2248 544 2316 quod
555 2265 609 2301 uon
623 2246 741 2302 faciebat
752 2249 777 2301 is
788 2248 866 2317 cujus
878 2249 960 2301 modo

112 2323 277 2378 mentionem
289 2322 341 2376 feci
354 2323 470 2377 Ennius:

211 2406 281 2453 Sicut
292 2406 363 2453 fortis
375 2422 460 2468 equus,
475 2409 555 2468 spatio
566 2407 609 2468 qui
621 2422 692 2469 saepe
704 2412 820 2470 supremo

209 2470 279 2517 Vicit
291 2470 413 2533 Olympia,
426 2487 493 2519 nunc
505 2471 572 2519 senio
584 2471 704 2519 coniectu'
716 2472 827 2534 quiescit.

113 2555 184 2624 Ilqui
197 2555 277 2609 fortis
292 2558 321 2608 et
334 2555 445 2610 victoris
461 2556 596 2610 senectuti
611 2559 751 2626 comparat
770 2573 855 2614 suam.
873 2562 959 2626 Quom

66 2670 70 2679 .
112 2631 225 2701 quidem
239 2630 326 2701 probe
339 2632 495 2686 meminisse
508 2632 633 2701 potestis.
669 2634 750 2686 Anno
762 2634 835 2686 enim
849 2633 960 2686 undevi-

112 2706 214 2762 cesimo
230 2710 294 2776 post
313 2705 373 2775 ejus
390 2711 507 2762 mortem
524 2707 553 2761 hi
570 2709 692 2762 consules
707 2708 736 2762 Τ.
748 2707 917 2762 Flamininus
932 2712 961 2761 ct

112 2782 159 2839 Μ’.
171 2783 276 2836 Acilius
290 2781 356 2835 facti
375 2786 453 2848 sunt;
470 2784 517 2837 ille
531 2789 624 2837 autem
640 2784 776 2853 (laepiono
791 2787 820 2837 et
835 2784 961 2852 Philippo

113 2857 213 2912 lterum
226 2857 381 2911 consulibus
395 2862 519 2911 mortuus
531 2862 587 2912 est:
607 2875 692 2928 quum
706 2877 757 2927 ego
772 2859 917 2924 quidem
936 2864 974 2926 a.

113 2948 151 2989 tx
170 2951 256 2988 annos
273 2937 356 2989 natus
372 2935 464 3005 legem
473 2934 632 2988 Voconiam
644 2949 758 2998 magua
768 2943 845 2977 uses
861 2923 1022 3018 staff}

110 3008 247 3069 lateribus
265 3013 426 3070 suasissem.
468 3007 572 3067 anuos
587 3025 656 3063 uus
669 2997 839 3060 nauseat&
855 2996 942 3034 mm

12 3120 17 3125 ’
106 3083 224 3173 ,EQ
243 3091 287 3149 ita
308 3093 428 3150 ferebat
449 3091 510 3146 duo
531 3103 613 3157 quae
630 3077 773 3134 inaudimus.

789 3055 944 3124 *quamnim
964 3037 1022 3130 9⁴⁸⁸}

801 3146 823 3180 ρ,
834 3109 996 3173 &tamti-m

96 3171 313 3241 mumioni
330 3175 364 3232 et
383 3156 702 3232 senectutem,uuus
713 3152 804 3210 aas*
