2084 3404
266 124 355 176 CATO
373 124 504 176 MAJOR.
540 125 618 176 cAP.
636 125 719 177 v111.·
732 115 781 176 IX.
935 131 950 179 9

184 207 248 258 Turn
260 208 372 272 equidem
383 208 407 256 iu
420 210 519 256 senecta
530 207 577 256 hoc
588 208 680 272 deputo
691 206 863 267 miserrimum,

185 275 281 322 Sentlrc
293 290 322 321 ea
333 278 413 332 aetate
424 289 477 321 esse
488 289 513 321 se
525 273 638 321 odiosum
648 273 727 322 alteri.

104 361 146 412 26.
164 357 182 410 J
185 358 321 411 ucundnm
335 356 425 425 potius
440 374 522 425 qnam
536 357 667 412 odiosum.
703 358 744 412 Ut
755 358 829 412 enim
845 356 949 412 adoles·

104 433 228 487 centibus
249 433 320 486 bona
338 432 429 486 indole
448 433 582 501 praeditis
603 433 739 502 sapientes
764 450 843 487 senes
863 434 950 487 delec-

104 512 205 575 tantur,
219 509 358 577 lcvicrque
371 508 403 561 fit
415 524 508 562 eorum
525 513 650 562 senectus
663 509 710 576 qui
721 526 737 562 a
744 508 891 576 juventute
909 525 950 561 co

104 583 197 639 luntur
212 588 241 638 ct
257 584 415 651 diliguntur,
433 584 471 637 sic
486 584 671 638 adolescentes
682 601 780 638 senum
797 584 933 653 praecept'

103 661 224 728 gaudent
247 660 347 729 quibus
369 659 406 713 ad
429 660 561 712 virtutum
586 660 677 713 studia
701 660 860 714 ducuntur..
889 659 949 713 Nec

104 737 191 788 nrinns
206 735 327 803 intelligo
341 752 385 789 me
397 734 473 788 vobis
488 751 568 803 quam
584 734 651 787 mihi
666 751 714 788 vos
730 752 789 788 esse
799 735 946 803 jucundos.

104 811 160 864 Sed
171 810 270 864 videtis
284 814 315 865 nt
330 814 464 865 senectus
473 827 526 863 non
541 810 623 864 modo
635 810 763 879 languida
774 815 857 880 atque
872 811 947 864 iners

103 902 155 940 1an
167 888 210 954 sit,
220 889 406 942 verumetiam
418 887 455 941 slt
466 903 579 957 operosa
591 891 620 941 et
632 903 740 956 semper
748 903 831 955 agens
843 885 947 954 aliquid

65 1004 71 1017 .
103 967 132 1016 ct
143 964 264 1030 moliens,
276 965 333 1020 talc
344 964 448 1018 scilicet
460 963 540 1032 quale
552 963 684 1033 cujusque
696 963 818 1018 studium
829 963 856 1016 in
868 979 947 1032 supe

104 1040 174 1093 riore
189 1041 246 1093 rita
261 1040 320 1094 luit
357 1039 436 1106 Quid,
453 1040 500 1108 qui
516 1040 599 1093 etiam
616 1040 761 1094 addiscunt
776 1039 896 1107 aliquidl
914 1042 946 1093 ut

103 1114 228 1167 Solonem
245 1114 367 1168 versibus
385 1115 544 1179 gloriantem
560 1116 691 1180 videmus,
710 1115 757 1183 qui
776 1132 806 1168 se
824 1114 946 1182 quotidie

104 1189 209 1256 aliquid
227 1189 414 1242 addiscentem
433 1188 499 1241 dicit
517 1206 608 1241 sencrn
626 1191 698 1243 fieri:
716 1193 748 1243 ut
766 1206 816 1257 ego
831 1190 883 1245 teci
898 1190 944 1257 qui

103 1264 219 1317 Graecas
242 1264 351 1317 litteras
375 1280 456 1316 senex
477 1263 567 1328 didici,
587 1281 654 1331 quas
674 1263 785 1331 quidem
809 1264 847 1316 sic
865 1264 945 1316 avido

10 1335 11 1340 ’
100 1339 209 1408 arripui,
231 1339 308 1408 quasi
326 1338 481 1392 diuturnam
501 1338 575 1390 sitim
595 1339 705 1405 explere
723 1339 841 1407 cupiens,
860 1343 892 1391 ut
913 1355 943 1392 ca

100 1416 159 1483 ipsa
170 1415 236 1468 rnihi
249 1419 313 1469 nota
325 1419 416 1469 essent
426 1413 527 1481 quibus
539 1429 583 1466 mc
594 1429 665 1466 nunc
677 1413 807 1482 exemplis
819 1414 859 1468 nti
872 1414 944 1467 rido-

100 1490 143 1544 tis.
179 1490 260 1555 Quod
275 1507 361 1559 vquum
378 1489 475 1543 fecisse
493 1488 632 1543 Socratem
649 1489 677 1542 in
697 1488 796 1542 fidibus
814 1489 943 1553 audirem,

100 1566 202 1621 vollem
209 1560 337 1635 equidem
349 1565 431 1620 etiam
447 1565 528 1633 illud,r
537 1564 677 1619 discebant
692 1565 765 1620 enim
782 1564 881 1618 fidibus
898 1582 944 1618 an-

100 1642 178 1711 tiqui,
190 1641 279 1696 sedin
291 1641 391 1695 litteris
404 1645 479 1695 certe
492 1641 634 1695 elaborari.

154 1717 210 1772 IX„
234 1722 275 1775 27.
304 1717 363 1771 Nec
382 1733 453 1770 nunc
472 1717 583 1785 quidem
602 1717 672 1771 viros
694 1717 821 1772 desidero
840 1716 943 1770 adolos-

101 1794 194 1860 centis,
208 1795 232 1847 is
244 1793 315 1847 enim
327 1796 389 1847 erat
401 1793 476 1846 locus
491 1793 562 1846 alter
579 1793 614 1846 de
631 1793 704 1846 vitiis
720 1793 876 1857 senectutis,
889 1809 943 1844 non

101 1867 161 1936 plus
177 1887 258 1938 quam
273 1869 430 1923 adolescens
443 1868 516 1922 tauri
532 1872 581 1922 aut
595 1868 731 1938 elephanti
747 1867 942 1920 desiderabam.

103 1943 181 2007 Quod
205 1947 248 1997 ost
266 1961 298 1997 eo
317 1944 397 1996 decet
417 1944 464 2011 uti,
490 1946 519 1998 ct
539 1943 674 2012 quidquid
698 1961 763 2012 agas
787 1960 869 2011 agere
893 1959 943 2010 pro

101 2017 209 2079 viribus.
246 2020 320 2084 Quae
333 2020 405 2073 enim
416 2036 468 2073 vox
485 2024 576 2088 potest
593 2036 653 2073 csso
667 2019 849 2087 contemptior
861 2035 943 2087 quam

101 2093 210 2149 Milonis
222 2095 411 2150 Crotoniatael
429 2095 483 2163 qui,
496 2112 580 2163 quum
594 2094 653 2162 jam
669 2111 754 2149 scucx
770 2090 843 2147 esset
854 2093 944 2148 athle-

100 2175 198 2239 tasque
221 2175 432 2225 secxercentes
452 2171 480 2222 in
500 2170 632 2223 curriculo
653 2171 766 2236 rideret,
786 2168 943 2236 adspexisse

100 2245 215 2300 lacertos
229 2261 292 2300 suos
303 2246 403 2300 dicitur
419 2245 635 2313 illacrimansque
648 2245 763 2298 dixisse:
791 2245 830 2296 nt
846 2243 873 2295 ni
886 2244 944 2315 qni-

100 2321 163 2374 dcnr
175 2321 275 2374 mortni
282 2321 342 2388 jam
354 2326 426 2374 sunt.
460 2321 522 2374 Non
533 2336 598 2374 vcro
610 2324 667 2373 tam
679 2320 725 2372 isti
739 2335 821 2388 quarn
833 2323 865 2371 tu
877 2319 943 2388 ipsc,

100 2399 230 2463 nugatam
247 2412 336 2464 neque
351 2397 423 2450 enim
438 2413 472 2449 ex
487 2399 516 2450 te
533 2411 652 2464 unquam
673 2411 702 2447 cs
718 2393 877 2448 nobilitatus
894 2396 943 2448 sed

99 2488 134 2526 cx
152 2470 285 2526 lateribus
303 2474 333 2524 et
353 2471 463 2524 lacertis
481 2472 543 2526 tuis.
586 2469 661 2523 Nihil
683 2469 744 2524 Sex.
765 2469 943 2538 Aelius'talc,

98 2548 165 2602 nihil
183 2547 275 2607 multis
294 2548 372 2601 annis
391 2551 454 2601 ante
470 2547 508 2601 ll.
523 2547 712 2614 Coruncanius,
730 2545 797 2598 nihil
813 2545 899 2599 modo‘
914 2546 941 2600 P.

99 2624 219 2691 Crassus,
230 2640 247 2678 a
259 2623 359 2693 quibus
368 2623 433 2691 Jura
442 2622 544 2676 civibus
556 2622 819 2692 praescribebantur,
828 2638 942 2690 quorum

33 2738 39 2749 .
98 2716 184 2768 usquc
203 2699 242 2753 ad
258 2703 411 2753 extremum
431 2698 555 2767 spiritum
576 2701 619 2751 cst
639 2704 768 2766 provecta
788 2697 942 2766 prudentia.

98 2781 140 2831 28.
167 2775 267 2830 Orator
290 2778 382 2829 metuo
401 2790 436 2827 ne
460 2774 616 2842 languescat
637 2776 783 2840 senectute,
804 2778 847 2826 est
870 2773 942 2824 eninr

98 2867 195 2904 munus
209 2849 268 2918 ejus
283 2867 336 2903 non
352 2849 454 2917 ingenii
471 2850 558 2902 solum
572 2848 622 2902 sed
637 2849 754 2902 laterum
769 2849 852 2900 etiam
864 2851 893 2899 ct
905 2847 943 2898 vi-

98 2925 176 2980 rium.
197 2933 200 2939 '
212 2926 328 2979 Omnino
341 2941 469 2978 cancrum
483 2923 551 2976 illud
564 2924 595 2976 in
605 2939 673 2975 uoce
683 2922 860 2988 splendescet
868 2922 964 2964 eum

96 3001 253 3072 nescioquo
264 3003 347 3074 pacto
358 2997 654 3067 ascensurumque
666 2991 810 3058 auduom
818 2985 920 3086 aba&
924 2985 1021 3079 {Q

91 3077 179 3147 amisi,
197 3083 230 3136 ct
243 3080 351 3138 ridetis
368 3095 472 3136 annos.
507 3075 575 3131 Sed
590 3076 701 3125 nmen
716 3062 851 3112 become
865 3061 887 3090 s

892 3107 900 3116 .
932 3109 973 3140 Q
985 3082 1023 3128 &a

85 3169 181 3210 sermo
198 3159 320 3228 quietus
338 3163 374 3217 ct
392 3157 556 3220 remissus,
568 3145 712 3208 ladlbtxffi
896 3121 915 3149 x

725 3124 884 3198 ‘QQWQWQ'
