2084 3404
229 135 233 140 '
312 125 362 172 Al)
381 124 555 182 QUINTUM
573 123 758 172 FRATREM.
929 128 962 180 -73

108 208 187 279 ratio,
199 211 228 264 et
236 211 269 262 ut
281 224 332 276 ego
344 206 470 275 arbitror,
482 222 560 259 meae
572 221 680 274 quoquc
693 205 803 260 litterae
818 210 847 260 te
859 209 963 276 paticu-

108 288 206 341 tiorem
226 285 411 352 lenioremque
432 283 573 336 fecerunt:
591 282 692 336 tertius
716 298 802 336 annus
816 283 857 336 ita
879 284 964 338 debet

108 380 168 417 esse
180 360 348 423 emendatus,
360 363 393 413 ut
404 376 439 412 ne
450 359 590 412 minimam
607 357 719 426 quidem
738 374 798 411 rem
818 359 961 429 quisquam
1013 402 1015 406 ,

108 440 195 507 possit
214 437 297 491 ullam
317 435 527 505 reprehendero,
550 440 602 488 .41.
621 436 664 487 Ac
681 433 740 501 jam
761 433 890 488 hocloco
911 451 964 490 nou

109 515 264 569 hortatione
275 530 364 581 neque
379 514 542 582 praeceptio,
556 510 606 565 sed
619 511 746 578 precibus
758 514 850 564 tecum
866 513 961 568 frater*

109 592 152 645 uis
174 608 233 660 ago,
256 594 346 644 toturn
373 592 406 643 ut
434 589 562 657 animum,
586 605 687 656 curam,
716 589 964 661 cogitationemque
1004 641 1014 662 ,

111 672 185 722 tuam
213 685 298 737 ponas
325 668 354 720 in
387 666 506 720 omnium
539 666 622 718 laude
654 666 776 734 undique
804 667 964 736 colligenda.

111 745 190 808 Quod
209 746 233 798 si
252 745 281 798 in
299 744 429 798 mediocri
451 747 526 797 statu
545 743 678 796 sermonis
702 760 733 796 ac
753 744 966 812 praedicationis

111 826 219 876 nostrae
241 839 287 876 res
309 825 408 890 essent,
430 820 496 874 nihil
519 819 569 874 abs
588 825 618 874 te
635 821 772 889 eximium,
799 821 867 875 nihil
888 816 966 892 prae-

112 902 153 952 ter
171 900 284 953 aliorum
312 896 535 953 consuetudinem
559 896 752 964 postularetur.
789 898 868 952 Nunc
901 917 966 954 vere

111 980 223 1045 propter
243 993 336 1030 earum
360 992 452 1029 rerum
473 972 501 1027 in
521 972 621 1043 quibus
640 974 742 1028 versati
763 992 855 1027 sumus
876 976 965 1044 splen-

110 1053 204 1106 dorem
221 1056 250 1106 et
265 1052 490 1120 magnitudinem,
508 1051 562 1103 nisi
579 1068 718 1104 summam.
728 1050 839 1104 laudem
861 1068 894 1105 ex
912 1053 966 1106 ista

110 1129 247 1195 provincia
270 1127 445 1196 assequimur,
464 1127 511 1179 vix
529 1126 658 1179 videmur
676 1143 809 1179 summam
827 1128 966 1196 vitupera-
989 1171 991 1174 ,

111 1204 212 1258 tionem
220 1204 404 1273 possevitarc.
440 1203 481 1255 Ea
492 1205 586 1255 nostra
597 1203 724 1255 ratioest
740 1205 772 1255 ut
790 1219 883 1256 omnes
901 1202 966 1258 boni

110 1296 194 1347 quum
210 1280 327 1348 faveant,
342 1282 403 1332 tum
419 1278 503 1332 etiam
524 1294 632 1331 omnem
653 1295 673 1331 a
690 1276 768 1332 nobis
794 1278 965 1346 diligentiam

45 1421 48 1427 Ι
110 1357 296 1425 virtutemque
305 1359 335 1410 et
340 1355 482 1425 postulent
494 1358 523 1408 et
530 1357 698 1424 exspectent,
707 1371 800 1408 omnes
813 1360 906 1409 autem
916 1357 966 1410 im-

108 1432 188 1502 probi
200 1433 275 1502 quod
293 1449 354 1486 cum
365 1431 400 1486 iis
416 1429 517 1484 bellum
527 1425 724 1499 sempiternum
737 1431 913 1501 suscepimus,
923 1433 965 1486 vel

109 1509 221 1564 minima
231 1527 263 1563 re
274 1508 310 1563 ad
321 1507 579 1578 reprehendendum
595 1507 795 1565 contentionsa
810 1507 966 1568 videantur

109 1592 150 1639 42.
163 1586 255 1650 Quare
266 1585 394 1654 quoniam
408 1583 543 1652 ejusmodi
556 1583 696 1638 theatrum
704 1562 753 1638 'Est
765 1584 884 1655 [totius]‚
899 1586 966 1639 cele-

109 1659 211 1716 britate
220 1661 436 1728 refertissimum,
444 1659 636 1730 magnitudine
643 1660 966 1729 amplissimum,judicio

109 1737 332 1805 eruditissimum,
354 1741 453 1791 natura
476 1734 569 1790 autem
597 1736 637 1788 ita
665 1751 796 1790 resonans
816 1740 849 1790 ut
877 1754 965 1806 usquc

111 1813 225 1867 Romam
249 1813 460 1882 significationes
480 1828 615 1880 vocesque
635 1813 800 1880 referantur,
821 1814 966 1880 contende,

110 1906 218 1958 quaeso,
237 1893 320 1959 atque
339 1888 448 1943 elabora
465 1904 519 1941 non
539 1886 620 1940 modo
636 1891 670 1941 ut
693 1888 737 1942 his
757 1888 840 1942 rebus
866 1889 965 1957 dignus

109 1965 194 2019 luisse
209 1966 259 2020 sed
279 1964 362 2019 ctiam
380 1968 413 2018 ut
426 1963 474 2017 illa
496 1963 588 2017 omnia
610 1964 666 2017 tuis
691 1964 797 2018 artibus
822 1981 964 2034 superasse

110 2042 228 2096 videare.
539 2082 541 2086 -
825 2062 827 2067 ⁴

119 2149 122 2155 ·
162 2118 223 2172 XV.
241 2123 282 2172 43.
301 2118 338 2172 Et
354 2116 481 2186 quoniam
497 2116 564 2171 mihi
576 2134 654 2172 casus
672 2118 805 2172 urbanam
824 2118 852 2173 in
866 2119 964 2186 magis

112 2193 228 2249 tratibus
240 2193 504 2248 administrationem
516 2193 556 2246 rei
568 2193 700 2262 publicae,
710 2193 762 2245 tibi
772 2194 965 2261 provincialem

112 2270 197 2335 dedit,
207 2269 301 2323 simae
310 2285 375 2337 pars
387 2269 489 2322 nemini
501 2268 583 2336 cedit,
595 2269 638 2321 fac
649 2271 681 2320 ut
693 2271 743 2320 tua
751 2272 857 2321 ceteros
867 2268 965 2323 vincat.

112 2344 196 2397 Simul
221 2346 250 2397 et
273 2343 343 2396 illud
366 2343 464 2411 cogita,
483 2359 534 2396 nos
552 2359 606 2395 nou
626 2343 662 2395 de
680 2341 787 2412 reliqua
807 2348 835 2398 et
856 2349 966 2413 sperata

110 2419 197 2487 gloria
205 2418 264 2487 jam
275 2418 407 2486 laborare,
420 2417 470 2472 sed
482 2417 517 2471 de
525 2422 606 2486 parta
618 2418 749 2472 dimicare
759 2441 764 2485 ;
775 2437 845 2488 quae
854 2421 965 2489 quidem

110 2498 231 2548 nontam
241 2493 395 2564 expetenda
409 2493 489 2547 nobis
504 2494 558 2547 fuit
574 2511 656 2562 quam
674 2496 784 2549 tuenda·
796 2501 845 2551 est.
883 2499 925 2552 Ac
943 2499 966 2552 si

110 2571 177 2624 mihi
196 2572 345 2639 quidquam
363 2574 438 2624 esset
454 2569 504 2624 abs
524 2574 554 2624 te
575 2576 738 2641 separatum,
762 2574 827 2627 nihil
850 2576 966 2642 amplius

111 2647 297 2702 desiderarem
311 2648 362 2701 hoc
376 2649 451 2701 statu
464 2647 511 2716 qui
526 2647 593 2700 mihi
606 2648 665 2715 jam
682 2653 777 2718 partus
797 2655 847 2706 est.
885 2650 966 2703 Nunc
1005 2659 1015 2677 ⁶

111 2741 176 2778 vero
192 2724 232 2777 sic
250 2739 295 2777 res
312 2740 372 2778 sese
391 2722 476 2777 habat
489 2728 527 2790 ut,
544 2724 597 2777 nisi
614 2727 703 2778 omnia
724 2729 771 2779 tua
789 2728 863 2780 facta
882 2730 966 2794 atquo

111 2799 185 2853 dicta
202 2800 303 2854 nostris
320 2800 402 2854 rebus
425 2800 507 2854 istinc
524 2801 715 2870 respondeant,
736 2821 795 2870 ego·
814 2819 858 2854 mc
881 2803 966 2854 tantis

111 2877 179 2929 meis
197 2875 335 2930 laboribus
352 2876 490 2945 tantisque
505 2878 641 2946 periculis,
662 2896 776 2946 quorum
795 2882 827 2930 tu
845 2878 965 2930 omnium

110 2952 247 3020 particeps
265 2951 350 3018 fuisti,
368 2952 436 3005 nihil
455 2959 631 3008 consecutum
654 2959 763 3022 putem.
796 2952 887 3012 Qash
900 2953 932 2998 ἐκ
940 2957 984 2995 xm

111 3026 304 3095 amplissimum
313 3043 414 3084 nomen
423 3046 661 3101 consequeremur
670 3045 749 3080 inune
757 3026 880 3090 amatae
890 3020 1013 3065 aenaeae

102 3099 243 3168 fldJ'lffl‘Sif,
261 3109 340 3161 certe
356 3106 438 3163 idem
456 3112 494 3164 ut
509 3108 547 3162 id
564 3107 750 3162 retineamus
766 3094 893 3161 §mm
914 3081 1037 3183 &ff

94 3173 262 3235 claborabis.
302 3182 371 3239 Non
397 3191 444 3243 est
471 3187 532 3242 tibi
552 3185 606 3240 lus
629 3180 705 3235 solis
722 3165 884 3224 utentur-³
902 3159 973 3198 Ψ·
993 3154 1022 3178 Χ·
