2084 3404
290 303 329 360 M.
351 300 713 357 runnncrcnnonrs

96 437 205 510 olto
237 435 385 508 Mltos
419 435 518 508 tllll
550 435 607 508 llll
642 432 907 508 Slllllttllllll

485 567 523 606 sn

228 667 260 726 Τ.
284 666 549 725 POMPONIUM
569 663 771 722 ΑΤΤΙΟΠΜ.

406 819 605 827 --.---

149 924 174 975 Ι.
211 926 232 974 l.
257 926 354 986 outre,
364 925 385 972 si
393 926 452 989 quid
460 943 506 991 ego
514 927 614 991 adjuero
627 940 742 973 curamve
752 926 848 972 levasso

254 990 323 1048 Quae
334 1007 401 1038 nunc
411 997 437 1039 te
449 994 534 1053 coquit
545 998 570 1039 et
580 995 663 1039 versat
674 991 699 1036 in
710 995 808 1052 pectore
819 987 877 1044 fixa,

255 1054 353 1116 Ecquid
364 1056 411 1123 erit
422 1057 531 1119 praemii

85 1139 164 1193 Licet
176 1139 248 1192 enim
260 1138 327 1191 mihi
339 1138 463 1192 versibus
481 1139 584 1192 eisdem
602 1138 679 1191 affari
696 1141 734 1205 te,
752 1137 854 1202 Attice,
871 1135 930 1202 qui-

86 1215 138 1269 bus
155 1214 254 1267 affatur
272 1214 452 1268 Flamininum

199 1305 245 1353 Ille
256 1305 294 1352 vir
305 1306 371 1354 haud
382 1321 473 1369 magna
484 1321 541 1354 cum
552 1321 586 1365 re,
599 1304 642 1352 sed
652 1297 810 1368 plenu'iidei.

87 1392 257 1460 Quamquam
270 1394 346 1444 certo
359 1391 421 1458 seio,
432 1408 492 1458 non,
503 1393 536 1445 ut
549 1390 736 1456 Flamininum,

199 1492 331 1541 Sollicitari
342 1497 374 1552 ts,
386 1493 448 1552 Tite,
463 1493 498 1541 sic
509 1498 643 1556 noctesque
654 1492 761 1555 diesque.

90 1586 159 1641 Novi
169 1587 241 1640 enim
253 1587 468 1641 moderationem
478 1587 561 1641 animi
573 1587 615 1641 tui
627 1589 656 1641 et
664 1587 839 1655 aequitatem,
847 1588 932 1656 teque

88 1680 141 1717 non
153 1679 300 1731 cognomen
317 1663 403 1716 solum
417 1663 535 1717 Athenis
548 1663 708 1732 deportasse
720 1663 770 1717 sed
781 1662 933 1716 humanita-

89 1742 196 1793 temet
219 1738 394 1807 prudentiam
417 1739 547 1806 intelligo.
589 1740 625 1792 Ilt
648 1743 740 1793 tamen
761 1742 789 1792 te
811 1738 933 1806 suspicor

90 1813 193 1868 eisdem
210 1813 294 1868 rebus
313 1814 412 1882 quibus
430 1816 563 1884 meipsum
581 1815 720 1869 interdum
736 1815 846 1882 gravius
861 1830 933 1868 com-

90 1889 198 1954 moveri,
211 1906 326 1958 quarum
338 1890 485 1944 consolatio
501 1895 530 1944 et
546 1890 634 1960 major
645 1894 688 1945 est
700 1893 730 1945 et
739 1891 767 1943 in
779 1890 853 1943 aliud
864 1893 933 1944 tcm-

90 1982 141 2035 pus
154 1964 311 2019 differenda.
347 1965 427 2033 Nunc
443 1969 536 2021 autem
549 1967 636 2020 visum
654 1970 697 2020 est
714 1966 782 2019 mihi
795 1965 830 2019 de
842 1981 933 2019 senee-

92 2044 152 2095 tute
172 2041 277 2110 aliquid
297 2041 334 2096 ad
357 2045 386 2096 tc
408 2043 585 2096 conscribere.
629 2048 652 2095 2.
684 2041 745 2095 Hoc
763 2041 834 2095 enim
852 2057 934 2094 onere

91 2117 165 2186 quod
185 2117 251 2171 mihi
272 2134 414 2173 commune
434 2123 525 2173 tecum
544 2121 588 2172 est
605 2122 654 2172 aut
668 2118 728 2183 Jam
746 2117 869 2184 urgentis
887 2119 934 2169 aut

91 2197 165 2247 certe
182 2193 356 2249 adventantis
379 2194 527 2247 senectutis
548 2197 576 2247 et
589 2197 619 2247 te
634 2197 664 2250 et
680 2209 725 2247 me
741 2193 829 2260 ipsum
850 2191 935 2244 levari

92 2269 167 2322 volo:
186 2269 238 2322 etsi
249 2271 278 2321 te
290 2268 402 2337 quidem
414 2268 444 2321 id
455 2269 560 2323 modice
572 2285 604 2321 ac
616 2270 753 2336 sapienter
766 2267 835 2320 sicut
847 2267 936 2320 omnia

92 2348 123 2399 ct
134 2345 206 2397 fcrrc
218 2347 247 2397 et
258 2343 377 2396 laturum
389 2360 450 2397 esso
462 2347 535 2397 certo
548 2344 610 2398 scio.
646 2343 702 2397 Sed
714 2342 787 2409 mihi,
800 2358 884 2411 quum
901 2343 936 2397 dc

93 2422 234 2474 senectute
245 2417 344 2471 vehem
355 2418 460 2487 aliquid
473 2419 600 2487 scribere,
617 2423 649 2473 tu
666 2417 826 2474 occurrebas
839 2418 937 2487 dignus

93 2513 126 2551 co
138 2511 254 2555 munere
263 2510 317 2564 quo
332 2497 450 2564 uterque
466 2498 589 2549 nostrum
608 2494 787 2549 communiter
803 2498 936 2548 uteretur.

93 2571 163 2626 Mihi
181 2570 292 2641 quidem
310 2571 349 2625 ita
361 2570 485 2640 jucunda
502 2571 584 2641 hujus
601 2572 665 2626 libri
687 2571 818 2626 confectio
836 2570 889 2624 fuit
907 2573 938 2623 ut

92 2664 146 2701 non
164 2646 245 2700 modo
264 2662 357 2713 omnes
375 2647 536 2702 absterserit
558 2649 707 2702 senectutis
724 2647 870 2712 molestias,
889 2645 938 2698 sed

93 2722 213 2777 offecerit
224 2721 333 2776 mollem
346 2723 429 2776 etiam
447 2727 476 2777 et
488 2722 639 2790 jucundam
651 2727 827 2777 senectutem.
863 2721 889 2774 N
890 2738 938 2773 un-

93 2815 176 2868 quam
187 2797 273 2868 igitur
284 2797 390 2852 laudari
408 2796 474 2853 satis
493 2799 575 2867 (ligne
586 2799 757 2868 philosophia
768 2797 882 2864 poterit„
895 2796 943 2870 cui
1000 2846 1004 2865 ἱ

94 2874 141 2944 qui
159 2877 256 2943 pareat
275 2889 361 2944 omne·
371 2877 481 2943 tempus
503 2875 607 2928 aetatis
628 2875 693 2925 sine
712 2869 858 2920 mdeste»
868 2863 971 2918 wem

95 2949 202 3018 degere.
234 2956 259 3006 3.
284 2947 342 3006 Sed
358 2950 395 3007 de
412 2951 519 3007 ceteris
537 2953 571 3004 et
588 2947 722 3002 distamus
734 2934 838 2987 ww
853 2925 1004 3030 Ἢξέζ

88 3025 226 3086 dicemus:
253 3029 331 3087 hunc
354 3030 467 3086 librum
494 3028 534 3082 de
559 3021 723 3079 senectute
747 3005 795 3055 (ὦ
814 3000 1004 3103 munte&

81 3101 206 3183 ,Omnem
227 3113 335 3167 autem
363 3122 541 3169 sermenem
564 3093 743 3155 mmmmm
764 3081 836 3124 Ψ

380 3226 414 3260 ’u
436 3222 598 3260 Nus*
626 3202 722 3260 4ss
