2084 3404
268 89 270 92 ⁴
326 124 378 172 au
396 123 570 183 aurarum
588 123 771 175 munau.
930 109 966 174 'm

114 208 241 261 *Allienus
253 210 345 260 autem
361 208 455 258 noster
470 207 514 259 est
530 220 615 272 quum
632 205 721 258 animo
733 208 763 259 et
777 203 968 260 benevolentia

115 286 175 336 tum
189 299 254 337 vero
269 283 353 336 etiam
369 281 522 335 imitatione
538 280 654 334 vivendi.
691 281 717 334 N
719 297 763 333 em
780 281 848 349 quid
864 299 915 350 ego
932 281 967 335 dc

116 358 242 412 Gratidio
254 358 362 412 dicam?
381 375 463 427 quem
476 361 551 412 certo
564 357 618 410 scio
631 357 671 411 ita
682 357 806 410 laborare
822 356 858 410 de
874 358 967 411 existi-

115 435 234 487 matione
246 450 295 486 sua
307 437 339 486 nt
350 437 464 502 propter
476 449 596 486 amorem
609 433 637 485 in
652 450 701 486 nos
716 433 868 486 fraternum
883 434 966 487 etiam

115 508 151 562 de
162 513 256 562 nostra
268 508 381 563 laboret.
409 514 447 562 ll.
460 509 638 573 Quaestorem
650 509 736 562 habes
745 525 799 560 non
808 511 856 563 tuo
861 507 966 576 judicio

16 626 19 632 .
116 584 252 638 delectum
269 585 319 638 sed
335 602 396 638 eum
413 601 495 653 quem
513 601 571 638 sors
590 584 674 638 dedit.
711 585 793 638 Hunc
811 586 920 652 oportet
938 589 967 638 et

115 678 165 714 sna
181 664 277 728 sponte
294 678 353 715 esse
371 661 551 728 moderatum,
570 665 598 714 et
616 661 671 715 tuis
689 660 825 715 institutis
842 678 874 714 ac
889 676 966 729 prae-

115 737 202 805 ceptis
215 738 410 806 obtemperare.
447 738 567 802 Quorum
585 737 608 790 si
624 738 686 806 quis
702 739 774 791 forte
791 741 864 791 esset
880 736 966 791 sordi-

115 813 183 879 dior,
201 814 287 868 ferres
304 820 416 869 eatenus
435 814 526 885 quoad
543 831 593 882 per
611 831 640 867 se
658 815 810 889 negligeret
828 831 873 868 eas
891 813 966 881 leges

115 888 216 957 quibus
234 895 307 944 esset
323 891 489 957 adstrictns;
507 907 560 944 non
578 894 610 944 nt
628 906 660 943 ca
677 893 816 958 potestate
834 906 916 958 quam
933 892 966 942 tu

115 965 152 1018 ad
189 965 354 1034 dignitatem
390 967 560 1036 permisisses
590 966 626 1019 ad
659 970 800 1034 quaestum
833 968 966 1018 uteretur.

115 1041 213 1109 Neque
238 1044 309 1102 enim
332 1044 399 1097 mihi
424 1061 489 1097 sane
512 1044 609 1111 placet,
636 1042 797 1110 praesertim
825 1057 910 1109 quum
937 1039 966 1092 hi

115 1133 204 1170 mores
222 1122 330 1171 tautum
345 1119 405 1185 jam
423 1119 459 1172 ad
480 1119 591 1171 nimiam
612 1118 753 1171 lenitatem
774 1119 804 1170 et
825 1115 861 1168 ad
881 1114 966 1168 ambi·
1017 1158 1026 1173 .

115 1191 217 1244 tionem
232 1193 412 1257 incubuerint,
428 1193 543 1246 scrutari
560 1197 590 1245 te
606 1208 699 1245 omnes
717 1192 819 1258 sordes,
836 1194 965 1244 excutere

114 1283 199 1318 unum
212 1284 349 1336 quemque
367 1285 467 1334 eorum,
482 1268 531 1321 sed
544 1271 646 1335 quanta
663 1268 700 1320 sit
716 1267 744 1320 in
761 1284 871 1336 quoque
888 1267 964 1334 fides,

114 1345 223 1395 tantum
239 1343 337 1412 cuique
352 1345 530 1399 committere.
568 1346 663 1412 Atque
678 1344 750 1397 inter
764 1342 821 1409 hos,
837 1360 883 1396 eos
898 1359 966 1410 qnos

114 1417 167 1471 tibi
181 1419 294 1472 comites
307 1423 337 1474 'et
353 1421 494 1489 adjutores
510 1421 683 1489 negotiorum
699 1419 868 1487 publicorum
886 1417 965 1471 dedit

113 1493 173 1562 ipsa
190 1511 235 1548 res
253 1496 367 1562 publica,
387 1497 531 1551 dumtaxat
549 1497 648 1549 finibus
670 1496 703 1548 iis
724 1495 874 1563 praestabis
895 1509 964 1562 quos

10 1621 13 1626 .
114 1574 178 1624 ante
189 1571 357 1638 praescripsi.
875 1602 879 1608 ·
932 1594 951 1627 ο

167 1647 217 1700 IV.
239 1653 277 1700 12.
297 1647 371 1711 Quos
383 1661 448 1699 vero
460 1649 509 1700 aut
520 1661 555 1699 ex
567 1645 726 1698 domesticis
742 1645 964 1713 convictionibus,

113 1725 162 1775 aut
174 1739 208 1775 ex
220 1723 379 1776 necessariis
390 1721 706 1792 apparitionibustecmn
718 1738 778 1776 esse
790 1721 907 1788 voluisti,
917 1723 965 1790 qni

113 1799 192 1864 quasi
208 1816 243 1852 ex
259 1800 369 1853 cohorte
385 1798 518 1866 praetoris
534 1798 666 1867 appellari
682 1798 779 1864 solent,
796 1797 893 1850 horum
911 1813 964 1851 non

114 1873 195 1926 modo
215 1875 288 1926 facta
309 1873 358 1927 sed
382 1874 464 1926 etiam
488 1873 562 1926 dicta
585 1873 675 1927 omnia
698 1873 863 1941 praestanda
885 1872 965 1927 nobis

114 1951 185 2001 sunt.
221 1948 276 2001 Sed
289 1948 375 2002 habes
390 1964 435 2001 eos
449 1951 540 2000 tecum
555 1965 624 2016 quos
639 1949 727 2016 possis
743 1951 819 2003 recte
833 1947 964 2003 facientes

113 2023 200 2076 facile
215 2023 347 2091 diligere;
370 2023 458 2077 minus
482 2019 653 2080 consulentes
678 2025 873 2080 existimationi
899 2028 964 2078 tuae

113 2099 239 2153 facillime
255 2117 396 2165 coercere;
415 2116 431 2153 a
449 2100 548 2167 quibus
565 2101 642 2153 rudis
661 2118 745 2169 quum
763 2118 837 2154 esses
855 2099 965 2154 videtur

113 2175 235 2242 potuisse
250 2179 299 2229 tna
314 2176 463 2230 liberalitas
480 2176 584 2244 decipi:
601 2193 664 2228 nam
681 2177 843 2243 utquisque
862 2180 904 2228 est
922 2175 964 2227 vir

113 2251 240 2318 optimus,
254 2252 294 2305 ita
309 2251 465 2304 difficillime
482 2268 541 2304 esse
555 2251 622 2303 alios
639 2251 776 2317 improbos
793 2250 964 2318 suspicatur:

113 2342 185 2378 nunc
196 2342 260 2379 vero
272 2329 371 2379 tertius
383 2327 427 2391 bic
440 2343 526 2378 annus
537 2325 638 2378 habeat
651 2325 840 2392 integritatem
849 2325 963 2380 eandem

114 2413 209 2468 qnam·
223 2396 383 2469 superiores,
410 2401 557 2455 cautiorem
588 2402 670 2455 etiam
700 2418 731 2455 ac
756 2395 961 2468 diligentiorem.

115 2482 154 2530 13.
173 2476 234 2529 Sint
245 2494 326 2530 aures
337 2480 403 2530 tuae
419 2494 489 2544 quae
504 2476 534 2529 id
550 2477 624 2546 quod
640 2477 757 2530 audiunt
773 2477 963 2532 existimentur

113 2550 215 2616 audire,
237 2569 290 2605 non
311 2553 339 2605 in
361 2569 430 2621 quas
449 2553 514 2609 ficte
535 2556 563 2606 et
584 2553 710 2608 simulate
731 2557 861 2622 quaestus
882 2570 964 2609 causa

111 2627 303 2686 insusurretur.
328 2629 372 2683 Sit
389 2628 485 2682 anulus
504 2632 568 2684 tuns
589 2646 641 2686 non
662 2633 694 2684 ut
714 2647 762 2685 ras
782 2630 894 2701 aliquod
915 2630 964 2684 scd

111 2705 252 2771 tamquam
269 2705 329 2772 ipse
345 2709 395 2770 tu;
413 2722 466 2758 non
484 2706 610 2759 minister
626 2707 729 2762 alienae
746 2707 895 2761 voluntatis
914 2706 964 2760 sed

111 2779 190 2831 testis
202 2781 273 2835 tuae.
311 2782 449 2835 Acoensus
462 2781 498 2835 sit
515 2798 548 2835 eo
563 2799 677 2837 numero
693 2799 748 2851 qno
765 2799 827 2835 eum
844 2781 918 2848 majo

110 2854 197 2907 nostri
212 2872 272 2910 esse
284 2858 438 2926 roluemnt,
455 2858 502 2925 qui
516 2858 567 2911 hoc
581 2875 635 2911 non
650 2859 679 2911 in
694 2856 821 2911 beneficii
837 2855 897 2909 loco

110 2929 138 2981 in
162 2929 263 2984 laboris
287 2950 318 2986 ac
342 2933 463 2987 muneris
487 2950 540 2986 non
563 2938 669 2988 temere
691 2933 747 2985 nisi
772 2931 886 2983 libertis
