2084 3404
92 132 122 181 58
317 128 356 176 Μ.
373 127 498 176 TULLII
521 125 711 176 0101111οΧῲὸ

90 207 262 280 vicissimque
283 208 380 277 accipit
400 207 469 262 illud
492 208 567 277 quod
589 209 618 261 in
641 207 728 260 altero
752 210 803 274 est,
827 224 862 262 ex
885 224 940 277 quo

91 286 244 339 exardescit
266 285 322 339 sive
344 301 419 338 amor
443 284 499 337 sive
523 284 650 338 amicitia.
686 283 843 352 Utrumque
867 285 940 338 enim

92 360 195 414 dictum
207 366 250 416 est
262 361 297 414 ab
309 361 424 414 amando
435 381 441 426 3
454 377 546 413 amare
557 365 649 433 autem
662 359 728 412 nihil
741 359 816 412 aliud
831 362 872 413 est
887 361 940 413 nisi

92 453 154 490 oum
166 439 255 506 ipsum
271 437 386 505 diligere
402 452 484 505 quem
503 452 585 501 ames,
603 435 677 488 nulla
693 434 850 502 indigentia,
865 435 941 488 nulla

93 513 212 567 utilitate
224 514 353 582 quaesita,
366 529 436 581 quae
453 517 545 565 tamen
562 512 622 579 ipsa
639 511 781 565 efflorescit
797 527 831 564 ex
849 511 940 564 amici-

92 589 137 655 tia,
152 589 236 642 etiam
250 589 318 641 situ
337 604 396 640 eam
409 586 498 639 minus
510 591 643 653 sequutus
661 587 703 640 sis.
742 593 797 641 101.
817 587 878 640 Hac
889 602 940 640 nos

75 664 276 739 ¹adolescentes
300 661 488 716 benevolentia
512 679 590 716 senes
609 662 670 716 illos
692 663 722 717 L.
743 663 875 730 Paullum,
898 663 939 718 M.

92 740 231 806 Catonem,
242 739 271 793 0.
281 738 396 805 Gallum,
407 738 436 792 P.
447 738 582 807 Nasicam,
592 739 630 791 Ti.
639 738 799 802 Gracchum,
808 739 940 807 Scipionis

91 815 176 867 nostri
200 830 329 882 socerum,
343 813 493 868 dileximus.
530 815 608 869 Haec
634 815 716 868 etiam
740 815 826 882 magis
850 813 940 869 elucet

91 891 163 944 inter
179 890 306 958 aequales
323 894 356 945 ut
372 890 445 944 inter
468 907 511 944 me
535 893 564 943 et
583 890 741 958 Scipionem,
765 890 795 944 h.
820 890 940 960 Furium,

95 967 121 1019 l'.
136 965 281 1035 Rupilium,
299 966 344 1036 Sp.
359 966 528 1020 Mummium.
565 965 691 1018 Vicissim
709 968 802 1019 autem
819 982 897 1020 senes
910 967 940 1020 in

91 1041 305 1096 adolescentium
321 1043 436 1096 caritate
458 1041 661 1111 acquiescimus,
679 1046 711 1095 ut
734 1042 762 1094 in
786 1046 884 1110 vestra,
907 1046 941 1097 ut

92 1117 118 1167 in
132 1115 165 1180 Q.
177 1115 343 1172 Tuberonis:
357 1117 484 1186 equidem
499 1117 582 1170 etiam
597 1117 745 1170 admodum
761 1118 940 1172 adolescentis

94 1192 121 1246 P.
135 1192 239 1261 Rutilii,
253 1197 287 1248 A.
301 1193 419 1265 Virginii
434 1193 620 1248 familiaritate
636 1194 765 1248 delector.
797 1194 940 1260 Quoniam-

91 1285 145 1336 que
157 1269 200 1323 ita'
208 1270 277 1323 ratio
289 1274 445 1338 comparat-a
455 1272 499 1323 est
511 1269 584 1324 vitae
601 1273 771 1339 naturaeque
785 1274 894 1324 nostrae
907 1271 940 1322 ιιι

91 1344 143 1397 alia
155 1348 230 1398 aetas
242 1345 347 1399 oriatur
354 1345 399 1413 [ex
410 1344 480 1413 alial,
488 1345 607 1398 maxime
617 1344 728 1412 quidem
736 1345 886 1412 optandum
895 1347 948 1419 cst·

91 1422 122 1472 ut
131 1436 192 1471 cum
203 1419 363 1487 aequalibus
374 1420 466 1486 possis,
479 1419 640 1486 quibuscum
652 1423 818 1487 tamquame
836 1434 940 1471 carcer-

90 1493 151 1546 ibus
175 1495 289 1546 cmissus
312 1494 356 1558 sis,
381 1510 441 1546 cum
461 1493 558 1547 iisdem
581 1493 742 1559 adcaloem,
770 1496 803 1546 ut
830 1492 939 1561 dicitur,

90 1568 239 1636 pervenire.
277 1574 333 1623 102.
357 1566 412 1622 Sed
440 1568 566 1635 quoniam
593 1584 638 1621 res
664 1568 798 1620 humanae
827 1567 939 1634 fragiles

91 1643 263 1712 caducaeque
282 1648 352 1711 sumt,
365 1659 471 1711 sempor
491 1642 575 1710 aliqui
593 1642 757 1711 anquirendi
782 1647 846 1697 sunt
869 1660 939 1711 quos

91 1719 234 1787 diligamus
246 1723 275 1774 et
287 1737 303 1773 a
315 1718 413 1787 quibus
425 1718 587 1786 diligamur:
607 1719 722 1772 caritate
737 1720 809 1773 enim
823 1719 939 1773 benero

90 1796 229 1864 lentiaque
249 1796 356 1849 sublata
371 1793 457 1848 enanis
480 1799 523 1849 est
541 1812 557 1848 c
573 1796 631 1849 rita
647 1795 756 1850 sublata
771 1795 938 1864 jucunditas.

91 1872 160 1924 Mihi
172 1873 282 1939 quidem
295 1871 391 1938 Scipio,
404 1886 567 1938 quamquam
580 1874 623 1924 est
635 1871 726 1925 subito
739 1876 859 1941 ereptus,
870 1873 939 1927 vivit

90 1950 181 2000 tamen
194 1963 356 2016 semperque
368 1946 441 1998 vivet
452 1965 458 2009 ;
470 1946 601 1999 virtutem
613 1948 686 2000 euim
697 1949 785 2001 amavi
797 1948 869 2001 illius
887 1949 938 2002 viri

91 2038 161 2091 quae
182 2024 316 2076 exstincta
336 2038 389 2075 nou
409 2025 458 2076 cst.
493 2021 552 2074 Nec
570 2022 637 2074 mihi
659 2023 708 2075 soli
728 2028 853 2077 versatur
874 2028 938 2078 ante

90 2098 188 2165 oculos,
207 2099 253 2167 qui
272 2099 346 2152 illam
365 2114 472 2165 semper
488 2097 516 2150 in
535 2097 659 2150 manibus
677 2098 767 2165 habui,
786 2099 836 2152 sed
855 2101 938 2153 etiam

90 2175 206 2242 posteris
230 2176 283 2230 erit
301 2175 373 2229 clara
391 2178 421 2228 et
442 2172 562 2241 insignis.
593 2173 682 2227 Nemo
705 2191 824 2242 unquam
848 2176 938 2228 animo

90 2253 142 2306 aut.
154 2268 203 2320 spe
223 2251 327 2321 majora
345 2250 472 2319 suscipiet
487 2250 534 2317 qui
549 2249 601 2307 sibi
618 2266 672 2302 non
690 2249 762 2304 illius
780 2252 938 2305 memoriam

90 2330 174 2396 atque
188 2328 335 2398 imaginem
347 2326 548 2397 proponendam
559 2328 646 2393 putet.
683 2331 740 2380 103.
753 2327 888 2396 Equidem
903 2344 938 2381 ex

90 2403 215 2457 omnibus
225 2405 307 2459 rebus
319 2420 387 2472 quas
399 2403 466 2455 mihi
478 2406 526 2456 aut
538 2402 648 2455 fortuna
659 2405 707 2455 aut
722 2408 819 2456 natura
833 2403 938 2469 tribuit,

90 2477 157 2530 nihil
168 2478 255 2532 habeo
267 2480 341 2547 quod
353 2495 414 2532 cum
430 2478 549 2531 amicitia
566 2477 698 2546 Scipionis
714 2479 814 2546 possim
832 2495 938 2546 compa-

91 2568 159 2607 rare.
195 2554 227 2605 In
251 2554 300 2605 hac
323 2553 390 2605 mihi
414 2553 449 2606 de
471 2570 502 2605 re
525 2552 635 2620 publica
657 2569 808 2618 consensus,
832 2553 859 2605 in
888 2554 938 2606 hac

91 2643 182 2681 rorum
194 2628 360 2694 privatarum
372 2628 521 2693 consilium,
531 2628 560 2679 in
572 2627 668 2680 eadem
679 2628 790 2695 requies
801 2628 881 2695 plena
893 2628 938 2680 ob

92 2702 243 2757 luctationis
260 2702 319 2755 luit.
346 2701 495 2770 Nunquam
509 2701 585 2754 illum
601 2718 636 2754 ne
651 2702 763 2756 minima
779 2702 889 2770 quidem
907 2721 938 2757 re

91 2779 191 2832 offendi
207 2777 281 2846 quod
298 2777 408 2845 quidem
432 2776 580 2841 senscrim;
599 2775 666 2828 nihil
684 2775 776 2829 audiri
788 2794 821 2829 ex
835 2794 867 2830 eo
879 2778 938 2846 ipse

91 2855 165 2922 quod
177 2854 282 2907 nollem.
316 2854 379 2908 Una
396 2853 493 2907 domus
510 2855 578 2921 erat,
595 2850 669 2904 idcm
681 2851 768 2905 victus
780 2852 857 2921 isque
867 2871 937 2907 com-

87 2932 179 2982 munis
187 2952 196 2994 ,·
216 2947 306 2999 neque
327 2930 423 2985 militia
442 2929 529 2983 solum
548 2928 597 2983 sed
609 2926 693 2981 etiam
706 2930 938 2997 peregrinationes

12 3000 17 3055 Ι
70 3006 333 3076 rusticationesque
357 3021 524 3061 communes,
560 3007 619 3058 iot.
641 3002 715 3058 Nan
737 3005 806 3073 quid
828 3022 879 3074 ego
902 3007 937 3060 do

47 3074 166 3150 ¹studiis
176 3079 272 3136 dicam
284 3085 477 3156 cognoscendi
487 3099 601 3155 semper
610 3080 718 3152 aliquid
725 3085 813 3151 atque
821 3081 957 3144 uacum,

36 3152 70 3188 ¹²¹
83 3149 199 3210 quihus
211 3164 325 3220 remoti
336 3162 377 3221 ab
391 3166 486 3224 oculis
499 3161 604 3240 populi
618 3176 704 3217 omne
717 3159 846 3215 otiosum
859 3157 975 3215 tomum
