2084 3404
317 110 573 176 EBISTOLARUM
589 110 692 171 LIBRI
704 111 793 166 ,Dum
952 113 981 160 tl

131 209 213 262 quam
225 200 285 246 snm
298 194 427 260 expertus
439 189 468 242 in
479 190 637 261 valetudine
649 207 779 247 meorum.
803 189 838 246 In
849 205 905 261 quo
916 192 983 245 milri

117 287 215 337 ‚quum
224 269 284 336 ipsa
293 268 415 334 scientia,
426 271 485 320 tum
496 267 581 320 etiam'
591 267 725 331 fidelitate
737 268 982 338 benevolentiaque
1033 325 1036 328 Α

130 345 269 400 satisfecit.
289 345 370 397 Hunc
380 344 465 411 igitur
474 343 526 397 tibi
535 344 704 410 commendo,¹
712 348 741 398 et
754 361 770 397 a
782 348 810 398 to
820 351 884 413 peto
894 350 926 399 ut
933 347 982 400 des

47 488 51 494 ,
124 437 246 490 'operam
260 425 293 475 ut
311 421 447 488 intelligat
469 419 617 488 diligenter
635 437 679 474 me
699 421 841 490 scripsisse
862 421 897 475 de
913 439 981 488 sese,

129 516 274 567 meamque
286 497 547 551 commendationem
557 497 617 549 usui
631 513 728 564 magno
740 497 793 560 sibi
803 497 894 550 fuisse.
920 499 980 552 Erit

130 574 161 626 id
173 575 239 627 mihi
252 575 429 627 vehomenter
441 575 558 640 gratum.
642 571 645 577 '

367 671 405 716 ao.
435 667 562 714 cronno
579 666 709 715 sunnio
726 667 751 716 s
788 653 790 657 ’

380 748 450 810 (nur.
470 751 507 801 25.
544 762 569 796 n.
583 761 607 797 u
621 762 643 798 e.
663 749 730 808 708.)

132 820 318 886 llegesaratus
335 819 494 874 Larissaeus
510 820 616 888 magnis
632 821 700 875 mois
716 821 857 894 benefieiis
869 828 981 879 ornatus

129 895 157 948 in
175 898 317 950 consulatu
334 913 395 950 meo
407 913 519 963 memor
538 900 567 950 et
585 901 679 964 gratus
698 898 758 966 fuit,
770 915 869 968 meque
885 905 981 970 postea

128 972 440 1040 diligentissime'coluit.
467 972 537 1025 Eum
550 972 602 1026 tibi
614 980 712 1041 magno
725 990 807 1042 opere
820 977 980 1045 commendo

130 1053 161 1102 ut
173 1053 201 1102 et
213 1049 349 1117 hospitem
361 1065 452 1102 meum
464 1053 494 1102 et
505 1048 666 1102 familiarem
679 1052 708 1103 et
720 1054 830 1118 gratum
842 1052 980 1107 hominem

123 1126 159 1177 'ct
170 1125 258 1182 virum
270 1125 373 1178 bonum
384 1129 414 1195 et
425 1124 575 1192 principem
587 1125 706 1178 ciuitatis
715 1143 780 1180 suae
792 1130 822 1180 et
830 1130 879 1182 tua
887 1147 981 1183 ncces-

130 1200 250 1253 situtline
269 1200 464 1268 dignissimum.
502 1199 665 1266 Pergratum
684 1201 749 1252 milri
768 1203 873 1269 feceris
892 1205 914 1257 si
934 1207 980 1259 de-

38 1272 45 1291 ’·
129 1276 204 1329 deris
220 1293 330 1344 operam
347 1280 379 1329 ut
395 1276 419 1327 is
437 1275 574 1342 intelligat
587 1276 756 1329 lrancmeam
769 1280 980 1334 commendatio--

127 1366 191 1406 uem
203 1349 332 1421 magnum
345 1352 419 1422 apud
429 1355 461 1405 -te
472 1351 581 1420 pomlus'
591 1350 725 1417 habuisse.

354 1466 392 1512 ιι.
424 1463 551 1528 menno
568 1462 723 1513 Manum
742 1462 766 1511 s.

390 1546 461 1607 (nur.
475 1548 496 1594 3.
533 1557 632 1594 mue.
652 1542 719 1606 tor.)

130 1620 164 1672 Α.
188 1617 296 1672 Fufium
319 1633 404 1671 unum
428 1633 463 1670 ex
487 1617 555 1671 meis
579 1616 688 1682 intimis,
709 1614 978 1672 observantissimmu

128 1693 411 1763 studiosissimumque
422 1693 517 1759 nostri,
531 1693 670 1746 eruditum
682 1691 819 1744 hominem
832 1695 860 1755 et
873 1709 991 1756 summa„

128 1768 303 1835 humanitate,
316 1772 418 1839 tuaque
431 1769 552 1823 amicitia
563 1768 759 1835 dignissimum,
769 1768 851 1821 velim
860 1769 900 1822 ita
910 1773 980 1823 trae·

128 1849 170 1897 tes
186 1848 218 1898 ut
234 1845 301 1920 mihi
318 1861 408 1898 eoram
423 1845 559 1917 recepisti,
597 1845 663 1897 Tam
679 1846 788 1911 gratum
804 1843 871 1896 milri
883 1844 912 1896 id
925 1847 976 1900 erit

128 1937 209 1987 ‹pram
241 1921 314 1989 quod
343 1921 537 1989 gratissimum.
575 1921 670 1988 Ipsum
698 1923 843 1988 praeterea
872 1937 978 1975 summo

127 1996 214 2049 officio
226 2000 256 2050 et
268 2013 374 2051 summa
386 1996 558 2050 observantie
573 1996 625 2051 tibi
643 1996 672 2048 in
686 2000 851 2065 perpetuum
867 1996 978 2054 devinx-

127 2089 187 2126 eris.

232 701 247 734 ι’

341 2160 379 2206 ‘22
409 2157 537 2206 CICERO
555 2157 769 2204 CORNIFICIO.
802 2179 803 2184 =

384 2243 494 2299 (mall.
530 2249 593 2286 mu,
607 2250 629 2286 e.
648 2237 715 2298 710.)

127 2314 156 2368 C.
170 2311 290 2377 Anicius,
302 2310 443 2363 familiaris
459 2325 544 2375 meus,
556 2307 598 2360 vir
617 2304 741 2361 omuibus
758 2309 841 2362 rebus
858 2316 977 2382 ornatae,

126 2387 297 2456 negotiorum
316 2402 426 2438 suerum
444 2401 525 2438 eausa
542 2384 650 2451 legatus
669 2387 712 2437 est
729 2384 757 2436 in
771 2385 891 2446 Africam
904 2388 976 2456 lega-

126 2465 200 2518 tione
210 2461 304 2515 libera.
325 2460 396 2514 Eum
406 2461 486 2515 velim
497 2460 580 2514 rebus
588 2460 713 2513 omnibus
723 2459 844 2530 adjuves,
854 2479 976 2531 operam-

126 2557 179 2610 que
196 2539 245 2592 des
263 2542 393 2607 utquam
411 2536 628 2591 commodissime
646 2553 694 2590 sua
712 2538 821 2605 negotia
838 2539 976 2608 conficiat3

124 2617 152 2670 iu
171 2615 329 2686 primisque,
344 2614 418 2681 qued
436 2613 462 2667 ei
480 2610 649 2668 carissimum
668 2617 718 2681 est,
733 2614 897 2682 dignitatem
916 2618 976 2686 ejus

125 2692 176 2746 tibi
189 2691 362 2746 commendo:
381 2691 465 2762 idque
476 2709 493 2746 a
505 2697 533 2748 te
545 2697 610 2761 peto
627 2692 700 2761 quod
717 2692 777 2760 ipse
793 2693 820 2745 in
837 2694 976 2761 provincia

124 2770 214 2822 facere
229 2785 289 2822 sum
302 2768 398 2822 solitus
411 2788 464 2824 nen
481 2774 601 2838 rogatus,
615 2773 647 2822 ut
662 2769 787 2822 omnibus
805 2770 975 2823 senatoribus

124 2845 234 2900 lictores
247 2845 356 2910 darem3
369 2847 442 2914 quod
455 2847 528 2899 idem
541 2863 698 2914 acceperam
712 2849 741 2899 et
753 2846 782 2897 id
795 2862 974 2911 cognoveram

125 2938 141 2974 a
160 2921 272 2974 summis
289 2921 355 2974 viris
374 2923 539 2977 factitatum.
578 2924 638 2975 lloe
662 2924 753 2989 igitur,
777 2921 815 2972 mi
840 2921 983 2980 Cornifici„

125 2995 220 3050 facies:
239 2998 394 3069 ceterisque
411 2999 494 3053 rebus
511 2999 642 3054 ommlms
660 2999 726 3063 eius
741 2991 1009 3059 uiguxnumrexepe„

119 3072 145 3124 si
158 3088 203 3124 me
216 3088 300 3144 errans,
318 3077 457 3134 consules.
493 3078 563 3134 Erit
581 3077 619 3133 'nl
635 3073 713 3128 nom
729 3066 950 3138 &mmm
972 3049 1037 3091 w

111 3161 224 3216 operam
239 3153 271 3206 ut
284 3152 392 3213 valeas.
