2084 3404
106 149 135 194 06
288 160 292 166 ·
317 143 355 191 M.
372 143 503 192 TULLII
520 103 713 191 erutriceum

91 225 146 292 rigo
158 224 252 276 eutem
264 238 349 291 quum
365 224 459 277 multis
474 223 611 276 decausis
624 226 654 277 te
670 226 771 291 exopto
786 239 868 292 quam
884 225 940 290 pri·

87 317 161 352 mum
174 298 276 365 videre,
290 302 349 352 tum
362 301 445 353 etiam
458 305 490 354 ut
502 303 567 352 ante
579 295 793 352 commentemur
804 299 877 352 inter
889 316 940 353 nos

88 376 939 444 quurationenobistransdueendumsitlioctempus,quodest

87 456 177 505 totum
198 453 234 505 ad
253 453 334 504 unius
353 452 522 505 voluntatem
548 453 806 506 accommodandum
824 455 853 506 ct
876 468 939 519 pru·
1013 456 1036 483 '⁴

88 528 178 581 dentis
194 533 223 582 et
239 528 367 596 liberalis,
384 533 419 594 et
436 533 469 582 ut
485 529 657 598 perspexisse
674 528 775 596 videor,
793 545 844 582 nec
862 545 880 581 s
895 545 942 581 me

88 604 168 656 alieni
188 608 218 657 et
236 603 288 656 tibi
307 605 469 658 amicissimi.
508 605 587 670 Quod
604 604 747 672 quumitn
763 605 807 672 sit,
825 621 942 672 magnae

88 684 239 733 esttamen
262 678 467 734 deliberationis
489 699 559 749 quoe
577 681 648 735 ratio
669 681 706 734 sit
725 680 845 734 ineunda
862 681 942 734 nobis

87 772 139 807 non
163 755 263 822 agendi
286 755 398 823 aliquid,
424 758 474 810 sed
504 759 576 811 illius
600 773 730 811 concessu
754 760 785 811 et
808 757 942 810 beneficio

88 829 255 898 q'uicscendi

318 927 358 972 14.
393 926 522 972 Olonico
540 925 662 972 CASSIO
679 926 705 972 S·
795 991 801 1003 .

359 1018 417 1069 (xri.
438 1010 460 1055 3.
487 1019 586 1055 mue.
605 1007 672 1066 710.)

89 1096 184 1162 Auget
198 1098 262 1149 tuus
278 1098 382 1151 cinicus
395 1097 515 1149 furorem
528 1095 557 1146 in
573 1093 647 1147 dies:
669 1094 787 1160 primum
803 1084 832 1147 in
849 1099 943 1148 status

88 1187 170 1238 qumn
179 1172 306 1238 posuitin
315 1174 424 1226 Rostris
432 1170 570 1238 inscripsit
580 1185 703 1223 risuum
713 1185 817 1223 orruun
825 1186 941 1236 numm,
1018 1208 1022 1217 .

87 1250 184 1300 utnon
196 1248 278 1301 modo
288 1250 378 1302 sicarii
387 1248 437 1302 sed
442 1248 502 1316 jem
512 1248 595 1300 etiam
608 1245 759 1316 parricidae
765 1246 941 1314 judicemini;

88 1323 156 1389 quid
174 1323 242 1391 dice,
257 1324 439 1392 judiceminil
460 1323 619 1391 judicemur
636 1322 743 1390 potius3
766 1323 849 1375 vestri
868 1324 940 1375 enim

87 1398 262 1464 pulcherrimi
277 1401 344 1453 faeti
359 1401 407 1453 ille
422 1401 538 1451 furiosus
551 1415 596 1451 me
607 1398 758 1466 principem
770 1397 839 1450 dicit
850 1399 939 1450 luisse.

33 1538 36 1543 Δ
89 1473 200 1526 Utinam
210 1475 323 1542 quidem
335 1475 462 1527 fuissem!
482 1474 614 1526 molestus
625 1473 767 1526 nobisnon
779 1477 860 1526 esset.
885 1475 940 1526 Sed

88 1547 137 1600 hoc
149 1555 270 1602 vestrum
283 1554 333 1616 est,
347 1551 421 1618 quod
434 1549 562 1616 quoniam
574 1547 728 1618 praeteriit,
739 1549 843 1601 utinam
860 1548 940 1600 habe

87 1641 144 1676 rcm
157 1625 225 1692 quid
237 1624 315 1677 vobis
327 1625 422 1677 darem
432 1623 543 1677 consilii.
571 1625 626 1678 Sed
639 1641 672 1676 ue
684 1624 750 1676 mihi
764 1624 874 1692 quidem
888 1624 940 1691 ipsi

87 1701 194 1768 reperio
208 1700 275 1768 quid
284 1701 440 1754 faciendum
453 1701 495 1753 sit.
534 1699 606 1764 Quid
619 1699 691 1753 enim
704 1700 833 1767 estquod
846 1704 942 1753 contre

88 1777 141 1829 rim
154 1776 251 1845 sineri
264 1777 324 1830 fieri
336 1778 441 1846 possiti
480 1777 628 1830 Consilium
640 1792 718 1828 omne
731 1780 823 1828 autem
834 1776 885 1828 hoc
898 1781 941 1828 cst

87 1853 195 1906 illorum
207 1858 239 1907 ut
251 1858 368 1908 mortem
382 1854 507 1906 Caesaris
523 1855 730 1921 persequantur.
767 1851 865 1920 Itaque
877 1867 899 1904 u
913 1852 941 1904 d.

88 1945 124 1982 ri.
137 1931 162 1981 N
165 1948 206 1983 on.
225 1931 319 1983 Octob.
338 1930 491 1998 productus
504 1929 534 1981 in
549 1929 704 1982 contionem
718 1944 736 1981 e
750 1926 867 1980 (lenutio
882 1932 942 1980 tur-

88 2006 198 2072 pissime
211 2005 258 2058 ille
270 2006 381 2074 quidem
395 1997 527 2071 discessit,
541 2003 591 2057 scd
602 2007 696 2056 temen
708 2020 740 2056 ee
750 2002 822 2056 dixit
834 2002 872 2055 de
880 2019 941 2055 con-

89 2082 272 2134 servatoribus
284 2081 391 2149 petrice
401 2097 473 2148 quae
484 2080 538 2132 dici
554 2079 690 2132 deberent
698 2079 735 2131 de
744 2071 941 2146 proditoribus.

90 2158 133 2210 lle
156 2175 201 2211 me
225 2157 337 2225 quidem
361 2173 416 2209 non
441 2149 601 2208 dubitanter
622 2155 687 2223 quin
709 2154 799 2208 omnia
820 2153 855 2206 de
878 2171 942 2207 mco

23 2227 27 2237 '
88 2234 200 2287 consilio
220 2237 249 2287 et
269 2250 317 2287 vos
339 2232 474 2286 fecissetis
494 2234 525 2285 et
543 2231 674 2284 Canutius
694 2231 805 2284 feceret
841 2230 942 2284 Ceteri

89 2310 242 2375 cujusmodi
257 2311 311 2363 siut
328 2327 362 2363 ex
377 2309 428 2362 hoc
439 2309 541 2377 judica,
556 2307 630 2378 quod
646 2308 737 2375 legato
752 2310 801 2360 tuo
813 2307 941 2361 viaticum

89 2386 255 2454 eripuerunt.
294 2385 366 2450 Quid
381 2403 428 2438 cos
444 2385 619 2454 interpretari
637 2388 717 2453 putas
734 2383 886 2452 quum.hoc
901 2383 941 2436 fu-

89 2463 180 2515 csuntl
216 2463 263 2515 Ad
287 2463 393 2515 hostem
412 2462 515 2515 scilicet
532 2462 646 2530 portari.
682 2460 705 2513 Ο
724 2477 784 2514 rem
799 2461 942 2514 miseram!

90 2537 229 2589 (lominum
244 2539 316 2593 ferre
333 2555 387 2590 non
405 2539 560 2606 potuimus:
582 2554 710 2590 conservo
729 2538 866 2590 servimus
904 2536 941 2588 Et

89 2619 180 2666 ttmien
197 2629 241 2664 me
260 2613 370 2680 quidem
388 2616 497 2667 favente
513 2613 601 2680 magis
618 2615 699 2680 quem
717 2616 844 2681 sperante
857 2611 941 2664 etiam

89 2706 160 2741 inune
176 2687 281 2742 residet
292 2705 355 2755 spes
366 2690 393 2740 in
406 2689 510 2742 virtute
522 2694 579 2743 tuo.
613 2689 668 2742 Sed
684 2689 732 2741 ubi
749 2690 813 2740 sunt
830 2686 957 2754 copiae?-

90 2765 131 2817 De
144 2766 250 2832 reliquo
260 2764 331 2817 malo
343 2768 372 2817 te
384 2765 473 2832 ipsum
485 2768 576 2817 tecum
588 2765 663 2832 loqui
673 2780 755 2832 quam
763 2765 857 2815 nostra
866 2761 943 2816 dictu

90 2851 258 2911 merescere.
295 2833 371 2886 Vale.

120 2945 161 2986 15.
183 2943 318 2993 01οΕΚο
335 2943 585 2993 DOLABELLAE
602 2940 758 2991 eorsum
775 2941 843 2990 SUO
860 2942 887 2988 S.

342 3035 395 3092 (rx.
411 3031 453 3080 ll.
490 3044 515 3080 l.
530 3041 560 3080 u,
574 3041 596 3078 e.
611 3025 683 3089 lib.)

16 3175 43 3193 i.
56 3076 101 3206 ἓξ
114 3101 284 3208 ῗοπθῃῗῑῑθ
301 3127 395 3182 cren),
410 3115 454 3169 mi
475 3095 641 3184 Dolubelle‚
658 3115 712 3167 tuo.
728 3109 831 3179 glorio„
846 3103 975 3167 setisque

81 3194 88 3205 ’
126 3178 265 3240 ²¹³²3¹¹²²l²1
281 3186 439 3250 boemiam
451 3196 711 3268 voluptatemque
719 3183 993 3261 mpubmmmsn
