2084 3404
307 125 472 174 MELIUS.
505 125 584 172 UAP.
597 124 677 173 XIII.
690 123 768 173 XIV.
841 197 843 201 Ι
930 129 962 175 43

108 207 191 262 luente
202 207 349 262 vivendum
361 204 537 259 securitatem
548 221 605 273 qua
613 203 668 256 frui
679 220 734 258 non
745 204 834 274 possit
845 204 960 272 unimus,

109 284 133 335 si
157 288 297 352 tamquam
317 282 454 352 parturiat
477 298 547 334 unus
570 297 620 347 pro
644 281 776 350 pluribus.
814 289 855 338 46.
882 282 965 336 Alios

108 364 201 412 autern
231 360 324 413 dicere
350 359 429 411 aiunt
448 358 535 410 muito
555 357 641 410 ctiam
667 357 847 425 inhumanius,
878 376 960 427 quem

109 435 197 488 locum
219 436 340 489 breviter
363 434 512 503 perstrinxi
534 433 625 502 paullo
644 437 716 497 aute,
732 435 863 502 praesidii
882 434 960 503 adju-

109 512 250 580 mentique
260 528 350 578 eausa,
363 528 416 563 non
428 509 634 578 benevolentiae
648 526 738 578 neque
751 510 885 577 caritatis,
896 512 960 564 ami-

106 587 187 640 citias
195 604 254 640 esee
266 587 432 656 expetendas
441 590 450 652 ;'
457 584 553 654 itaque
560 589 591 639 ιιι
600 587 716 653 quisque
725 586 865 639 minimum
878 587 961 640 firmi-
995 619 998 626 -

108 664 175 715 tetis
189 663 289 717 habeat
300 663 495 731 minimumque
508 663 613 730 uirium,
627 663 666 716 ita
679 663 812 716 amicitiae
829 668 960 732 appetere

107 739 242 794 maxime:
263 756 298 793 ex
308 756 343 793 eo
359 739 421 793 fieri
436 743 469 792 ιιι
483 738 659 792 mulierculae
675 739 762 807 magis
777 739 959 793 amicitiarum

109 816 245 882 praesidia
257 819 389 885 quaerant
400 833 483 884 quarn
496 815 555 883 viri,
569 818 597 869 et
614 815 708 884 inopes
726 832 810 884 quam
828 815 959 884 opulenti,

107 895 138 944 ct
150 892 298 945 calamitosi
310 910 393 961 quarn
405 893 425 944 ii
437 893 492 961 'qui
507 895 642 961 putantur
660 891 742 946 beati.
755 904 760 933 ἱ
776 892 863 949 47.Ὀ
881 907 960 960 prae

50 1019 54 1026 ,
107 967 209 1020 claram
225 970 399 1037 sapientiam!
432 969 524 1023 Solem
536 969 749 1022 enimemundo
761 969 960 1022 tollereriden-

108 1047 156 1095 tur
174 1045 221 1112 qui
239 1044 387 1098 amicitiam
404 1045 489 1098 evita
507 1045 616 1111 tollunt,
634 1062 689 1112 qua
712 1045 779 1098 nihil
800 1062 816 1099 a
831 1037 892 1096 'diis
911 1044 960 1096 im-

108 1120 270 1172 mortalibus
290 1120 387 1172 melius
416 1119 556 1186 habemus,
586 1121 654 1173 nihil
680 1120 836 1187 jucundius.
882 1119 959 1183 Quae

109 1197 153 1246 est
177 1194 248 1247 enim
267 1195 321 1248 ista
339 1195 491 1248 securitasl
526 1195 623 1262 Specie
642 1194 760 1263 'quidem
780 1194 888 1261 blanda,
910 1195 960 1248 sed

109 1285 207 1338 reapse
226 1270 318 1323 multis
336 1270 402 1323 locis
417 1270 595 1338 repudianda.
631 1270 729 1338 Neque
749 1269 821 1322 enim
840 1273 883 1322 est
899 1286 960 1322 con-

109 1349 269 1398 sentaneum
282 1345 364 1399 ullam
376 1344 518 1398 horiestam
528 1361 590 1398 rem
600 1346 819 1413 actiencmve,ne
828 1345 959 1399 sellicitus

108 1421 155 1488 sis,
171 1425 282 1475 autnon
301 1423 439 1490 suscipere
457 1425 507 1475 aut
525 1426 679 1490 susceptam
698 1421 844 1491 deponere.
878 1421 959 1486 Quod

107 1498 133 1550 si
145 1515 236 1551 curem
247 1499 373 1566 fugimus,
382 1498 470 1551 virtue
485 1498 615 1566 fugienda
628 1503 681 1567 est,
702 1506 777 1568 quae
787 1501 897 1551 necesse
909 1501 959 1551 'est

107 1591 171 1627 eum
187 1575 278 1643 aliqua
295 1592 361 1628 eura
384 1591 430 1628 res
452 1574 504 1628 sibi
526 1574 685 1628 contrarias¹
698 1578 858 1643 aspernetur
872 1577 958 1642 atquo

107 1650 208 1718 oderit,
218 1654 253 1704 ut
266 1650 374 1704 bonitas
395 1651 535 1718 malitiam,
554 1651 739 1719 temperantia
757 1649 907 1717 libidinem,
918 1650 958 1717 ig-

100 1727 216 1779 naviam
227 1725 385 1780 fortitude·
404 1726 504 1794 Itaque
523 1726 617 1780 rideas
638 1726 721 1780 rebus
739 1726 851 1794 injustis
867 1724 958 1793 justos

107 1802 227 1855 maxime
247 1803 348 1869 dolere,
367 1801 522 1855 imbellibus
541 1803 634 1870 fortes,
653 1802 794 1870 flagitiosis
813 1801 958 1855 modestos.
1002 1840 1008 1851 .

111 1877 184 1944 Ergo
196 1877 397 1946 hoe-preprium
410 1881 452 1930 eet
470 1878 552 1930 animi
568 1877 639 1931 bene
655 1877 799 1931 constituti
813 1881 842 1931 et
860 1877 958 1931 laetari

109 1952 188 2006 honis
207 1953 289 2007 rebus
308 1957 337 2007 et
355 1953 449 2007 dolere
466 1954 619 2008 contrariis.
664 1960 708 2008 48.
735 1953 916 2017 Quamobrem
934 1953 958 2006 si

108 2029 185 2082 cadit
196 2029 224 2082 in
237 2029 388 2098 sapientem
401 2029 484 2082 enimi
501 2029 580 2082 dolor
582 2030 647 2098 ‚qui
666 2031 788 2098 profecto
809 2029 890 2096 eadit,
870 2028 959 2082 tnisi

108 2122 145 2158 ex
169 2104 229 2172 ejus
248 2106 339 2158 anime
364 2105 543 2174 exstirpatam
563 2072 761 2158 humanitatem
785 2070 958 2171 arbitrri-mur,

109 2197 181 2247 quae
198 2185 338 2234 causaest
359 2197 407 2234 eur
424 2181 572 2234 amicitiam
591 2179 715 2234 funditus
727 2180 854 2248 tollamus
867 2180 958 2245 evita,

110 2273 148 2308 ne
158 2256 264 2323 ahquas
281 2260 395 2325 propter
415 2273 477 2309 cam
497 2257 676 2324 suscipiemus
692 2256 790 2308 molest
792 2255 850 2308 iasl
885 2221 959 2318 Quiri

110 2330 185 2383 enim
196 2331 311 2383 interest
330 2335 405 2383 motu
417 2331 500 2383 animr
491 2330 626 2396 sublato,
639 2347 693 2382 non
707 2330 797 2383 dico
788 2332 830 2382 mt
831 2347 861 2382 er
818 2329 960 2383 thomi-

110 2422 175 2458 nem
198 2408 226 2458 et
246 2405 387 2472 pecudem,
412 2404 461 2457 sed
484 2406 557 2458 inter
579 2404 769 2459 homincmt
739 2409 769 2460 et
792 2422 887 2459 saxum
910 2411 961 2460 aut

109 2485 238 2535 truncum
259 2485 308 2533 aut
331 2481 439 2548 quidvis
458 2481 565 2554 generis
592 2480 735 2548 ejusdeml
771 2483 797 2552 N
799 2499 868 2550 eque
888 2483 959 2536 enim

110 2561 176 2610 sunt
192 2557 242 2611 'isti
253 2555 384 2609 audiendi
391 2556 441 2626 qui
451 2557 581 2610 uirtutem
592 2557 691 2627 duram
703 2562 738 2612 et·
748 2559 824 2627 quasi
843 2559 960 2613 ferrcaeu

110 2651 172 2688 esse
183 2633 321 2702 quandam
341 2631 442 2699 velunt,
454 2649 525 2700 quae
535 2633 648 2701 quidem
660 2639 703 2688 est
715 2639 800 2704 qu'um
819 2636 913 2689 multis
932 2636 959 2687 in

109 2710 194 2764 rebus
206 2713 279 2763 tum
301 2709 329 2761 in
349 2708 467 2762 amicitia
486 2711 581 2764 tenera
601 2715 683 2778 atque
702 2713 863 2778 tractabilis,
880 2715 913 2764 ut
932 2715 960 2763 ct

111 2786 191 2839 bonis
203 2786 294 2839 'amici
312 2785 390 2853 quasi
414 2785 549 2839 diffundat
537 2790 582 2839 tur
606 2791 635 2840 et
656 2788 833 2840 incommodis
857 2782 961 2849 eontra-

111 2861 201 2915 hatur.
238 2861 420 2925 Quamobrem
443 2879 528 2929 anger
550 2852 604 2916 iste
625 2863 673 2930 qui
696 2879 746 2929 pro
770 2863 855 2914 amice
877 2836 984 3107 ἲ

111 2937 261 3004 capiendus
279 2941 323 2990 est
341 2953 395 2989 non
414 2941 522 2990 tantum
540 2939 652 2992 valetu
654 2937 769 2990 ttollat
783 2954 802 2986 e
820 2937 885 2984 uite.

111 3013 213 3079 citiam,
224 3029 278 3066 non
290 3013 449 3087 plusquam
458 3017 494 3068 ut
506 3014 633 3067 uirtutes
636 3010 728 3078 ,anxa
739 3003 900 3054 nonnanes

105 3091 139 3140 et
150 3054 295 3145 molestias
306 3090 433 3147 afferunt
434 3091 663 3163 ,repuhieutur

154 3163 240 3222 XIV
282 3169 384 3235 Quum
400 3174 512 3228 autem
526 3156 696 3222 contrahat
711 3138 899 3204 qu'l‘m
901 3121 984 3168 ¹³5⁶

793 3302 832 3327 .-

976 3304 1014 3327 h...
