2084 3404
302 122 466 173 LAELIUS.
501 122 578 168 CAP.
591 121 651 169 XV.
665 122 743 172 XVI.
932 128 962 170 45

113 203 213 272 diligat
231 219 396 273 quemquam
410 210 464 256 'nec
482 202 540 270 ipse
553 201 596 254 ub
616 202 672 254 ullo
684 202 831 271 diligatur,
850 203 963 258 circum-

115 280 200 334 fluere
209 280 334 333 omnibus
343 279 427 346 copiis
436 281 520 346 atque
528 277 556 329 in
566 278 685 330 omnium
694 294 786 331 rerum
796 278 962 332 abundantio

115 356 227 409 vireret
252 356 328 409 Haec
337 355 410 408 enim
422 357 466 411 est
476 356 652 422 tyrannorum
661 353 725 416 vita,
735 353 762 405 in
773 371 826 420 qua
834 355 963 408 nimirum

115 431 190 485 nulla
210 432 286 498 fides,
306 431 381 483 nulla
401 429 508 496 caritas,
531 429 607 481 nulla
630 428 735 481 stabilis
757 428 963 484 benevolentius

115 511 207 575 potest
234 523 293 560 esse
315 506 439 570 .fiducia·,
468 506 559 558 omnia
588 510 695 572 semper
725 510 851 573 suspecta
879 509 964 574 atque

115 583 238 650 sollicita,
250 582 341 635 nullus
353 582 427 636 loeus
440 581 583 636 amicitiae.
617 586 658 635 53.
677 581 744 645 Quis
756 581 828 634 enim
841 585 888 637 aut
900 599 962 636 eum

116 659 213 726 diligat
229 675 310 726 quem
327 661 440 724 metuat,
459 662 507 711 aut
525 675 587 712 eum
606 674 622 710 a
640 673 694 725 quo
713 673 742 711 se
760 658 845 710 metui
863 661 964 727 putetl

106 735 249 788 'Coluntnr
260 738 352 787 tamen
365 734 534 787 simulatione
543 732 688 786 dumtaxat
696 733 732 786 ad
741 737 859 801 tempus.
884 733 963 798 Quod

115 811 137 862 si
155 810 233 876 forte,
251 814 284 863 ut
301 810 335 863 fit
352 808 697 878 plerumqueteeciderint,
718 812 779 862 tum
790 810 965 877 intelligitur

115 886 196 952 quani
224 886 326 940 fuerint
357 886 451 955 inopes
467 907 470 911 ·
484 886 639 941 amicorum.
674 885 767 948 Quod‘
786 886 962 954 Tarquinium

114 961 216 1015 dixisse
235 962 328 1015 ferunt
351 965 411 1014 tum
447 961 616 1017 exsulantem
652 977 681 1014 se
705 962 872 1037 intellegisse
893 979 963 1030 quos

114 1038 183 1090 fidos
197 1039 298 1091 amicos
311 1037 460 1103 habuisset,
477 1045 545 1104 quos
561 1036 669 1103 infidos,
687 1053 771 1104 quum
783 1036 842 1104 jam
858 1039 964 1091 neutris

113 1113 230 1179 gretiam
256 1113 360 1166 referre
374 1115 508 1180 possete:
534 1112 776 1179 54..,Qu·amqu'am
804 1114 888 1165 miror
917 1113 964 1167 illc

114 1187 241 1255 superbia
257 1191 287 1241 et
302 1187 511 1254 importunitate
528 1187 731 1254 siquemqusm
747 1186 848 1240 habero
865 1189 963 1256 potuit.

115 1265 209 1331 Atque
223 1266 256 1314 ut
270 1261 353 1330 hujus
368 1277 451 1336 quem
469 1261 526 1314 dixi
544 1277 633 1314 mores
651 1262 848 1315 veros'amicos
866 1280 963 1332 parare

112 1354 165 1391 nou
184 1341 341 1406 potuerunt,
361 1339 400 1390 sic
419 1337 567 1391 multorum
587 1354 653 1406 opes
671 1340 891 1407 praepotentium
913 1357 960 1393 ex-

112 1413 227 1468 cludunt
249 1413 382 1467 amicitias
406 1412 510 1466 fideles.
544 1413 606 1466 Non
631 1414 703 1467 enim
723 1414 809 1467 solum
829 1413 889 1484 ipsa
907 1416 960 1469 fora

112 1494 179 1544 tuna
195 1507 274 1545 caeca
290 1493 340 1557 est,
358 1489 469 1543 sedens
486 1490 570 1543 etiam
587 1490 748 1558 plerumque
766 1489 848 1544 efficit
865 1509 960 1546 caecos

112 1567 335 1635 quoscomplexa
352 1569 401 1620 est
438 1567 538 1635 Itaque
556 1565 707 1619 efferuntur
724 1567 783 1620 fere
800 1566 911 1621 fastidio
929 1573 959 1623 et

110 1643 285 1708 contumacia,
304 1658 394 1710 neque
418 1643 567 1712 quidquam
587 1642 734 1710 insipiente
757 1643 895 1697 fortunato
918 1645 958 1698 in-

110 1718 279 1786 tolerabilius
302 1719 361 1771 fieri
385 1722 485 1786 potest.
533 1719 627 1786 Atque
650 1717 701 1771 hoc
728 1718 837 1786 quidem
850 1720 957 1774 ‘videro

44 1817 54 1832 τ
109 1793 181 1860 licet,
193 1782 242 1848 'eos
253 1794 300 1863 qui
312 1797 393 1847 antea
404 1795 552 1847 commodis
563 1795 674 1847 fuerunt
690 1793 818 1858 moribus,
834 1795 957 1864 imperio,

109 1872 254 1937 potestate,
265 1870 403 1937 prosperis
414 1870 497 1923 rebus
507 1869 652 1936 immutari,
662 1869 754 1938 sperni
763 1869 798 1922 ab
807 1870 840 1922 iis
850 1875 957 1925 veteres

109 1945 249 2011 amicitias,
274 1944 410 2012 indulgeri
436 1945 519 1998 novis.
557 1951 598 1998 55.
624 1945 697 2009 Quid
723 1948 815 1998 autem
846 1947 957 1999 stultius

110 2037 207 2089 quam,¹
232 2037 314 2090 quum
347 2021 495 2089 plurimum
523 2021 613 2089 copiis,
645 2021 827 2087 facultatibus,
860 2023 957 2090 opibus

108 2098 221 2165 possint,
242 2101 334 2151 cetera
354 2114 453 2167 perure
473 2114 543 2165 quae
563 2100 694 2165 parantur
706 2097 838 2164 pecunia,
855 2114 956 2164 equos,

107 2173 229 2240 famulos,
248 2177 352 2227 vestem
374 2173 518 2240 egregiam,
539 2189 604 2226 uasa
624 2172 761 2241 pretiosa;
782 2172 882 2224 amicos
902 2190 956 2226 nou

92 2251 360 2316 'pararaoptimam
379 2253 408 2301 et
425 2248 636 2316 pulcherrimam
654 2247 735 2313 vitae,
752 2249 785 2299 ut
802 2247 842 2300 ita
860 2247 957 2317 dicam,

108 2325 323 2393 supellectileml
360 2325 470 2377 Etenim
483 2327 575 2377 cetera
587 2340 671 2391 quum
684 2326 790 2391 parant,
803 2322 845 2374 cui
857 2327 958 2391 parent

107 2401 239 2468 nesciunt,
251 2417 302 2454 nec
313 2400 390 2468 cujus
400 2416 481 2453 causa
489 2398 631 2463 laborent3
641 2398 701 2466 ejus
708 2397 780 2452 enim
793 2403 836 2454 est
842 2399 956 2454 istorum

107 2475 229 2543 quidque
254 2476 301 2544 qui
323 2475 409 2529 vincit
431 2475 551 2528 uiribus:
576 2474 757 2527 amicitiarum
783 2490 832 2528 sua
858 2475 956 2544 cuique

106 2554 249 2618 permanet
270 2550 374 2605 stabilis
387 2557 417 2604 et
437 2554 514 2605 certa
536 2551 678 2619 possessio,
699 2554 732 2604 ut
756 2551 839 2604 etiam
863 2549 891 2604 si'
909 2553 957 2606 illa

106 2631 241 2693 maneant,
263 2632 417 2695 quaesunt
438 2627 515 2695 quasi
537 2627 608 2680 dona
629 2627 762 2693 fortunae,
782 2630 874 2681 tanien
898 2629 956 2681 vita

105 2701 207 2756 inculta
223 2707 252 2756 ct
270 2703 380 2756 deserta
398 2703 433 2756 ab
454 2703 546 2756 amicis
566 2719 620 2756 non
641 2704 728 2773 possit
748 2719 809 2757 esso
824 2703 953 2771 jucunda.

106 2778 160 2831 Sed
172 2778 239 2832 haec
251 2779 389 2834 hactenus.

157 2853 235 2908 XVI.
254 2861 294 2909 56.
315 2854 505 2909 Constituendi
519 2858 582 2908 sunt
594 2859 685 2908 autem
699 2856 746 2922 qui
760 2855 814 2907 sint
825 2856 852 2905 in
863 2855 954 2906 enrici

105 2930 144 2982 tia
151 2930 218 2983 fines
230 2936 258 2984 et
271 2932 348 2999 quasi
359 2932 471 2985 termini
483 2932 628 2999 diligendi3
645 2933 681 2984 de
694 2932 792 2998 quibus
804 2937 862 2983 tres
873 2931 959 2980 uides

105 3008 254 3061 sententias
265 3007 333 3061 ferri
346 3025 464 3079 quarum
477 3009 585 3062 nullam
597 3008 690 3077 prelio
697 3027 710 3068 ¹,
721 3020 815 3055 uuam
822 3005 863 3048 uu
877 2999 987 3064 semu

95 3080 180 3135 m⁰d⁰
192 3099 260 3152 ⁶78st
271 3086 377 3143 amicos
390 3087 490 3144 allecti
502 3088 594 3142 simus
609 3099 670 3152 quo
686 3095 760 3142 erqo.
771 3070 896 3123 mesmes
903 3065 994 3118 ’κῖὫῇ
1002 3072 1017 3097 ¹

87 3154 206 3214 alteram
225 3164 261 3218 ul
277 3167 382 3224 nostra
398 3168 432 3225 in
448 3166 566 3224 amieos
579 3150 804 3218 beneuolentiae
815 3141 947 3189 'meum
962 3125 1034 3169 Ἢ

262 3236 280 3256 .
