2084 3404
232 456 287 532 M.
313 451 504 529 TULLII
535 450 832 528 CICERONIS

252 638 558 696 urrsrouruuru
579 639 699 695 ursui
720 638 819 696 uuo,

477 863 551 917 LIB.
569 863 593 916 I.

217 1085 238 1131 l.
270 1081 429 1130 TULLIUS
445 1081 651 1128 TERENTIAE
668 1081 762 1131 SUAE
779 1082 806 1130 S.
819 1082 851 1130 D.

371 1181 436 1242 (ιιι.
450 1181 488 1228 21.
523 1193 548 1227 u.
562 1191 587 1227 u,
601 1191 622 1226 u.
636 1178 702 1240 704.)
721 1224 723 1229 .

110 1287 130 1327 ε.
149 1286 175 1325 v.
192 1283 218 1324 Β.
235 1283 261 1322 u.
280 1286 305 1321 v.
341 1267 384 1320 Da
402 1283 512 1335 operam
528 1269 560 1319 ut
576 1266 766 1321 convalesces(
790 1267 870 1333 Quod
889 1287 958 1340 opus

109 1347 170 1414 criu
181 1349 215 1400 ut
230 1362 277 1399 res
288 1348 451 1412 tempusque
467 1340 595 1411 postulae,
608 1342 753 1410 provideas
770 1346 855 1413 atque
872 1345 957 1399 admi-

109 1425 225 1489 nistres3
243 1425 273 1476 et
293 1421 329 1475 ed
347 1435 392 1473 me
411 1418 447 1472 de
462 1416 587 1472 omnibus
601 1416 683 1472 rebus
699 1435 780 1487 quam
799 1420 956 1489 saepissime

109 1499 203 1553 literas
214 1498 315 1551 mittes.
351 1494 429 1549 Vale.
812 1569 815 1574 Δ

228 1637 251 1684 2.
284 1631 442 1683 TULLIUS
458 1629 665 1679 TERENTIAE
682 1630 777 1680 SUAE
793 1631 819 1681 S.

376 1733 439 1793 (xiv.
454 1732 476 1779 8.
512 1743 539 1778 s.
552 1743 577 1779 n.
591 1743 612 1779 ο,
631 1729 697 1791 704.)

108 1837 131 1876 s.
147 1837 174 1875 v.
193 1835 218 1874 B.
236 1833 261 1873 u.
279 1833 303 1871 u.
322 1835 346 1870 v.
382 1817 575 1871 Valetudinem
596 1821 672 1872 tuem
692 1817 773 1872 velim
794 1834 873 1872 eures
896 1818 957 1873 dili-

108 1895 274 1964 gentissime.
308 1893 334 1946 N
336 1909 379 1946 em
392 1892 458 1944 mihi
470 1896 499 1946 et
511 1893 642 1961 scriptum
655 1897 684 1947 et
698 1894 856 1948 nunciatum
870 1899 912 1948 est
927 1900 955 1949 tc

107 1971 136 2024 in
147 1969 245 2024 febrim
258 1967 349 2021 subito
357 1967 492 2022 incidisse.
529 1968 608 2042 Quod
620 1969 747 2023 celeriter
758 1986 803 2024 me
814 1970 904 2024 fecisti
921 1971 956 2024 de

101 2047 232 2102 ‘Caesaris
252 2046 340 2099 libetis
358 2045 518 2113 certjorem,¹
529 2045 618 2098 fecisti
629 2045 708 2098 >mihi
730 2050 847 2113 gratum.
883 2047 956 2099 Item

106 2123 227 2191 posthac,
240 2123 263 2176 si
279 2120 347 2188 quid
362 2136 430 2187 opus
444 2120 505 2186 erit,
518 2119 541 2171 si
558 2119 625 2186 quid
642 2118 773 2173 acciderit
789 2120 860 2187 novi,
872 2121 955 2173 fecies

107 2198 240 2252 uisciam.
276 2196 349 2249 Oura
359 2194 502 2248 utvelees.
536 2194 613 2247 Vale.
644 2194 678 2249 D.
689 2209 743 2247 1111.
755 2195 849 2248 Neues
861 2196 925 2249 Jun.

220 2338 243 2385 3.
276 2333 434 2384 TULLIUS
451 2331 656 2380 TERENTIAE
673 2334 767 2383 SUAE
784 2334 856 2383 SD.
881 2347 884 2352 ’

362 2422 427 2482 (xiv.
443 2418 480 2468 1·2.
516 2432 541 2468 s.
555 2432 579 2468 U.
593 2432 615 2469 c.
636 2422 701 2485 706.)

108 2512 187 2580 Quod
207 2527 256 2564 nos
273 2509 302 2562 in
324 2506 433 2562 Italiam
453 2506 541 2560 sulvus
560 2508 665 2563 venisse
689 2511 800 2581 gaudes,
819 2517 955 2583 perpetuo

106 2589 226 2658 gaudeas
238 2585 327 2640 velim.
357 2583 413 2639 Sed
423 2582 580 2652 perturbati
593 2584 686 2639 dolore
698 2588 781 2641 enimi
793 2589 955 2657 magnisque

106 2664 214 2734 injuriis
230 2664 322 2716 metuo
338 2677 373 2714 ne
388 2661 418 2715 id
434 2659 537 2714 consilii
554 2663 705 2732 ceperimus
723 2663 798 2731 quod
810 2680 864 2716 non
876 2664 956 2716 facilc

106 2741 242 2810 explicare
253 2738 408 2808 pessimus..
419 2737 509 2803 Quare
522 2743 653 2808 quantum
666 2742 746 2808 potes
755 2738 863 2807 adjuva.
883 2737 956 2802 Quid

107 2822 199 2872 eutem
210 2816 298 2886 possis
309 2814 374 2868 mihi
387 2813 416 2867 iu
428 2817 549 2868 mentem
561 2833 614 2870 nou
628 2817 709 2870 veuit.
746 2815 780 2867 In
792 2815 865 2868 idum
882 2814 957 2882 quud

107 2897 136 2947 tc
147 2893 196 2947 des
207 2894 258 2947 hoc
270 2896 395 2963 tempore
406 2891 475 2946 nihil
487 2896 547 2948 est:
565 2895 596 2946 ei
605 2893 725 2959 Iussum
738 2893 788 2942 cs&
794 2890 857 2940 'xm
869 2892 903 2935 ss,
909 2900 978 2956 Q

105 2972 211 3024 tutum:
229 2971 258 3023 et
279 2984 334 3024 uon
354 2969 437 3027 video
457 2969 531 3042 quid
546 2968 689 3040 prodesse
705 2962 809 3030 cessis
824 2959 856 3008 dx
870 2960 1003 3002 semem-

100 3041 173 3096 Vulc.
214 3043 248 3100 D.
260 3046 337 3116 prid.
352 3048 463 3107 Nonas„
476 3035 818 3106 uouemussrsuffisxs·
