2084 3404
78 115 110 163 84
301 107 340 155 M.
358 106 486 157 TULLII
504 105 694 157 CICERONIS

77 190 223 258 disputaris
232 187 299 256 quid
311 186 419 255 sentias,
428 187 538 256 qrmlem
547 185 694 254 existimes,
701 201 771 254 quae
779 189 922 261 praecepta

76 263 135 318 des.
154 265 256 318 Soruv.
268 263 337 316 Mihi
348 279 413 317 vero
422 265 593 332 [pergratum
604 262 684 327 erit];
700 265 784 331 atque
794 263 824 316 id
835 264 924 331 ipsum

77 355 161 406 quum
173 343 264 394 tecum
276 355 359 406 agere
371 354 491 405 conarer,
503 338 623 391 nannius
635 338 790 391 antevertit
827 339 925 412 Quam7
1031 398 1034 409 ·

76 413 171 467 obrem
183 415 294 482 utrique
306 417 428 467 nostrum
440 416 550 480 gratum
561 412 708 466 admodum
719 413 822 466 feceris.

128 489 163 543 V.
183 493 221 547 17.
250 489 334 542 Laut.
353 490 412 556 Ego
431 505 568 542 veronen
588 505 723 556 gravarer,
742 489 766 540 si
782 489 849 541 mihi
866 489 925 557 ipse

77 565 256 628 confiderem
271 581 336 617 nam
347 567 377 617 et
389 564 527 632 praeclara
538 581 583 618 res
594 568 644 632 est,
657 568 687 619 et
698 581 799 632 sumus,
810 568 843 619 ut
854 565 925 619 dixit

79 641 205 708 Fannius,
218 640 304 694 otiosi
340 639 396 692 Sed
408 639 470 707 quis
482 655 533 706 ego
551 642 627 694 sumi
644 644 692 694 aut
704 658 774 709 quae
785 649 829 699 est
840 644 869 697 in
880 661 924 698 me

79 715 210 771 facultas?
245 714 394 767 Doctorum
407 718 450 768 est
466 714 521 768 ista
532 716 700 769 consuetudo
712 733 799 785 eaque
812 719 926 771 Graece

79 807 138 845 rum
158 794 190 842 ut
210 789 243 841 iis
263 792 382 856 ponatur
402 789 437 842 de
457 805 511 858 quo
525 789 668 859 disputent
687 791 810 858 quamvis
829 791 924 845 subito.

79 864 209 931 Magnum
232 879 300 932 opus
323 866 367 916 est
390 866 508 931 egetque
532 863 728 918 exercitatione
750 881 805 917 non
832 882 924 932 parva.
995 886 1000 895 ·

79 938 261 1002 Quamobrem
280 955 350 1006 quae
362 938 496 1007 disputari
514 939 550 992 de
568 938 820 1007 amicitiapossunt,
833 939 867 992 ab
885 940 925 994 eis

77 1031 173 1068 censeo
197 1015 299 1082 petatis
322 1013 370 1082 qui
393 1014 634 1083 ista‘profiteutur.
669 1013 727 1081 Itgo
750 1030 798 1068 vos
821 1013 925 1067 h'ortari

78 1092 185 1143 tantum
203 1105 313 1158 possum
334 1091 365 1142 ut
386 1088 533 1143 amicitiam
553 1089 678 1144 omnibus
701 1089 783 1143 rebus
800 1089 925 1143 humenis

77 1165 264 1234 anteponatis:
288 1163 355 1217 nihii
375 1167 418 1218 est
442 1165 516 1218 euim
532 1168 590 1218 tam
615 1167 729 1220 naturae
746 1169 843 1234 aptum
867 1169 925 1220 tam

78 1242 239 1295 conveniens
256 1239 294 1294 od
311 1256 356 1294 res
373 1241 418 1295 vel
437 1240 569 1294 secundos
580 1241 624 1295 vel
641 1236 776 1295 adversas.
813 1248 851 1296 18.
870 1242 925 1296 Sed

78 1316 129 1370 hoc
153 1317 271 1384 primum
290 1316 378 1370 sentio
401 1315 454 1369 nisi
477 1317 505 1369 iu
529 1315 607 1370 bonis
630 1317 776 1370 amicitiam
795 1333 854 1371 esse
871 1333 925 1370 non

77 1408 172 1459 posse;
187 1407 278 1458 neque
289 1390 319 1443 id
331 1391 367 1443 ad
377 1391 468 1444 vivum
479 1407 579 1458 reseco,
591 1393 624 1444 ut
635 1391 674 1443 illi
693 1392 740 1458 qui
757 1391 824 1444 haec
837 1391 925 1444 subti-

77 1467 130 1519 lius
142 1466 289 1531 disserunt,
296 1465 412 1518 fortasse
419 1480 483 1518 vere
494 1465 544 1518 sed
555 1465 592 1518 ad
600 1481 769 1517 communem
776 1465 924 1519 utilitatem

78 1557 189 1609 parum3
207 1543 308 1606 negant
319 1540 390 1592 enim
403 1555 566 1606 quemquam
578 1539 666 1591 virum
684 1538 784 1592 bouum
796 1555 856 1593 esse
872 1541 924 1594 nisi

78 1616 237 1683 sapientem.
270 1613 312 1667 Sit
323 1613 363 1666 ita
377 1629 456 1677 sene;
474 1613 524 1666 sed
536 1629 596 1666 eam
614 1613 774 1681 sapientiam
791 1614 925 1683 iuterpre-

77 1694 172 1745 tantur
184 1706 267 1759 quem
278 1688 367 1742 adhuc
379 1687 501 1742 mortalis
518 1704 597 1741 nemo
609 1693 653 1741 est
666 1693 832 1744 consecutus.
866 1692 925 1746 Nos

78 1769 170 1820 autem
191 1780 311 1833 eaquae
329 1767 393 1817 sunt
412 1763 441 1816 in
458 1779 510 1816 usu
530 1763 641 1831 vitaque
659 1765 800 1831 communi,
820 1783 873 1819 non
891 1784 924 1822 ea

78 1858 149 1910 quae
167 1841 307 1908 finguntur
325 1842 373 1893 aut
386 1842 523 1907 optantur,
535 1842 659 1907 spectare
678 1840 814 1893 debemus.
850 1843 924 1895 Nun-

78 1934 161 1986 quam
179 1933 230 1984 ego
249 1915 338 1968 dicam
357 1916 385 1968 0.
396 1914 559 1980 Fabricium,
573 1914 621 1968 M'.
635 1914 755 1980 Curium,
768 1917 808 1970 ri.
822 1917 923 1970 Coruu-

78 1993 191 2057 canium‚
213 2007 280 2059 quos
302 1990 437 2058 sapientes
456 1990 543 2043 nostri
563 1989 681 2056 maiores
700 1989 869 2058 judicabant,
887 1992 923 2045 ad

78 2070 193 2120 istorum
211 2083 332 2119 normam
352 2066 436 2119 fuisse
452 2065 594 2133 sapientes.
630 2064 720 2131 Quare
738 2065 789 2118 sibi
806 2066 925 2121 habeant

79 2142 228 2210 sapientiae
238 2157 337 2195 nomen
349 2145 378 2194 ct
389 2141 550 2194 invidiosum
562 2144 591 2195 et
600 2137 759 2206 obscurum3
776 2143 924 2197 concedant

78 2222 111 2272 ut
122 2219 151 2271 hi
162 2218 227 2273 boni
240 2216 292 2272 viri
307 2216 416 2271 tuerint.
451 2216 495 2270 Ne
510 2217 540 2269 id
558 2216 670 2285 quidem
688 2217 798 2272 facient.
834 2218 924 2286 Nega-

79 2293 151 2348 bunt
161 2294 191 2347 id
203 2292 385 2362 nisisapienti
400 2308 481 2360 posse
492 2293 610 2355 concedi.
648 2298 686 2346 19.
706 2294 828 2361 Agamus
840 2295 925 2361 igitur

80 2368 175 2437 pingui
187 2369 317 2436 Minerua,
328 2372 361 2422 ut
371 2367 456 2423 aiunt
493 2367 545 2432 Qui
557 2367 596 2420 ita
608 2384 637 2421 se
655 2370 760 2434 gerunt,
774 2367 813 2419 ita
824 2369 925 2433 vivunt,

79 2448 112 2498 ut
132 2460 226 2498 eorum
244 2445 376 2510 probetur
397 2443 473 2510 fides,
489 2444 641 2511 integritas,
654 2445 785 2511 aequitas,
807 2444 925 2498 liberali-

80 2525 130 2587 tas,
138 2539 189 2575 nec
197 2523 268 2575 sitin
276 2519 713 2588 cistrllncupiditasveliibidovel
727 2521 847 2586 audacia,
859 2521 925 2573 sint

80 2610 134 2661 que
145 2609 244 2659 magna
256 2594 414 2659 constantia,
424 2598 457 2646 nt
469 2595 606 2647 iifuerunt
615 2596 696 2647 modo
705 2610 773 2661 quos
781 2594 924 2660 nominavi,

79 2671 129 2722 hos
148 2668 219 2721 viros
235 2669 326 2734 bonos,
347 2672 379 2721 ut
397 2668 484 2721 habiti
503 2672 574 2736 sunt,
594 2670 632 2722 sic
650 2670 733 2722 etiam
750 2668 925 2737 appellandos

80 2748 214 2814 putemus,
243 2743 307 2812 quia
337 2746 484 2811 sequentur
514 2748 646 2810 qnantum
667 2744 790 2808 homines
812 2748 927 2813 possunt

80 2823 206 2873 naturam
218 2820 347 2888 optimam
364 2819 434 2885 bene
445 2817 552 2872 vivendi
571 2819 674 2874 ducem.
709 2820 753 2874 Sic
770 2820 843 2874 enim
860 2819 928 2874 mihi

81 2896 235 2964 perspicere
253 2895 355 2961 videor,
374 2894 413 2947 ita
431 2897 510 2947 natos
531 2910 590 2947 ease
613 2913 662 2949 nos
686 2901 718 2950 ut
741 2897 815 2952 inter
834 2912 927 2951 omnes

75 2975 152 3021 esset
160 2972 280 3024 societas
288 2969 431 3056 quaedam,
439 2967 527 3038 major
535 2973 666 3025 autemut
675 2972 792 3041 quisque
804 2971 927 3061 proxime

58 3041 212 3095 accederet.
252 3047 359 3114 Itaque
379 3045 454 3101 eires
472 3046 599 3118 potiores
617 3065 703 3120 quum
715 3047 940 3118 peregimpm

58 3105 146 3170 '04⁹5
163 3133 253 3180 ruam
272 3121 380 3178 alieni:
411 3139 478 3179 cum
504 3124 550 3183 his
571 3126 649 3184 enim
672 3123 832 3183 amicitiam
851 3123 961 3172 natura
