2084 3404
284 146 337 195 AD
356 141 532 202 QUINTUM
550 142 733 191 FRATREM.
907 139 937 192 ct

83 224 188 280 artibus
208 240 266 278 osse
288 224 410 290 adeptos,
424 238 495 290 quae
516 221 570 275 sint
589 222 667 275 nobis
690 222 820 276 Graeciae
843 227 938 277 inenu-

83 302 181 356 mentis
211 300 415 367 disciplinisque
445 297 571 351 traditae.
610 299 700 363 Quare
728 303 839 367 praeter
866 317 937 353 oom-

83 395 191 432 munem
204 376 286 429 fidem
299 392 369 443 quae
383 374 508 428 omuibus
522 375 646 441 debetur,
664 380 809 445 praeterea
820 393 869 429 nos
895 378 940 430 isti

83 455 221 508 hominum
233 451 325 520 generi
337 451 482 520 praecipue
503 450 605 505 debere
620 450 755 520 videmur,
772 455 805 505 ut
823 469 940 520 quorum

84 531 236 599 praeceptis
257 545 349 582 sumus
368 527 479 581 emdit'r
492 528 565 597 apud
583 544 630 582 666
651 527 725 595 ipsos
749 528 824 598 quod
847 527 882 581 ab
907 529 941 581 iis

85 606 263 659 didicerimus
277 605 391 658 velimus
405 621 570 673 expromere.

138 682 171 734 X.
190 687 230 735 29,
249 683 343 750 Atque
356 681 402 734 ille
415 681 526 749 quidem
538 681 664 750 princeps
681 676 781 748 ingenii
799 685 827 735 61
842 681 940 734 1166111

85 776 136 812 nae
150 758 227 811 Plato
236 762 295 811 tum
309 758 427 826 denique
437 757 495 811 fore
512 757 607 810 beatas
623 773 667 809 res
686 759 808 825 publicas
826 757 940 825 putavit,

86 835 109 888 si
121 835 250 888 autdocti
263 837 294 888 66
311 835 447 902 sapientes
464 835 586 888 homines
609 850 655 886 eas
671 849 766 900 regere
783 834 941 902 coepissent,

85 914 133 964 aut
154 911 173 963 ii
191 910 239 978 qui
259 914 385 978 regerent
411 927 489 964 omne
504 928 582 964 suum
596 910 716 963 studium
729 910 755 962 in
777 910 900 964 doctrina
912 928 942 964 ac

86 987 218 1053 sapientia
243 986 424 1041 collocassent.
463 986 542 1041 Hanc
569 986 787 1055 conjunctionem
815 987 942 1040 videlicet

86 1064 229 1128 potestatis
250 1080 282 1116 ae
302 1065 451 1132 sapientiae
472 1064 552 1118 saluti
575 1064 680 1117 censuit
701 1063 857 1116 civitatibus
883 1080 942 1117 esse

87 1154 173 1204 posse.
212 1139 291 1202 Quod
303 1139 418 1192 fortasse
431 1140 575 1208 aliquando
596 1139 737 1192 universae
757 1139 797 1192 rei
817 1139 942 1208 publicae

88 1216 203 1281 nostrae,
222 1231 294 1267 nuuc
311 1215 423 1283 quidem
442 1216 564 1282 profecto
581 1215 627 1268 isti
649 1215 803 1282 provinciae
822 1216 943 1283 contigit,
959 1243 963 1252 ·

88 1291 120 1341 ut
131 1288 155 1340 is
166 1289 193 1340 in
203 1306 235 1342 ea
247 1306 379 1342 summam
392 1294 559 1359 potestatem
571 1291 686 1344 haberet
703 1292 746 1345 cui
763 1291 792 1344 in
812 1290 944 1356 doctrina,

88 1365 131 1417 cui
143 1365 171 1417 in
190 1365 292 1418 virtuto
311 1369 395 1433 atque
416 1366 586 1420 humanitate
605 1367 780 1436 percipienda
796 1367 943 1436 plurimum

88 1456 105 1493 a
125 1441 242 1510 pueritia
262 1441 345 1494 studii
366 1441 463 1496 fuisset
484 1447 513 1495 et
535 1443 672 1511 temporis.
712 1449 752 1497 30.
772 1444 861 1508 Quare
881 1461 944 1497 cura

88 1517 182 1576 uthie
201 1535 286 1570 annus
309 1519 356 1586 qui
381 1518 416 1571 ad
435 1519 556 1572 laborem
577 1523 655 1572 tuum
678 1520 887 1574 accessit-idem
908 1521 943 1573 ad

89 1594 203 1647 salutem
218 1594 299 1647 Asiae
316 1599 476 1662 prorogatus
494 1611 553 1648 6666
574 1595 717 1661 videatur;
738 1596 943 1665 quoniam[que]

88 1669 116 1722 in
128 1673 157 1722 te
168 1670 310 1724 retinendo
319 1670 373 1723 fuit
386 1671 453 1724 Asia
464 1672 569 1725 felicior
581 1688 664 1739 quam
676 1688 725 1725 nos
738 1672 766 1724 in
776 1672 942 1736 deducendo,

88 1745 189 1812 perfice
201 1750 232 1799 ut
241 1746 346 1799 laetitia
362 1746 514 1814 provinciae
534 1747 700 1801 desiderium
720 1751 843 1801 nostrum
861 1747 943 1801 lenia·

89 1825 147 1874 tun·
178 1822 285 1874 Etenim
310 1822 332 1876 61
356 1823 387 1875 in·
409 1824 588 1891 promerendo
612 1827 645 1877 ut
663 1823 714 1876 tibi
736 1824 805 1877 tanti
830 1823 944 1877 honores

89 1892 260 1963 haberentur,
274 1899 369 1966 quanti
382 1899 455 1952 haud
470 1899 524 1952 scio
540 1916 575 1952 an
593 1899 701 1968 nemini,
723 1900 799 1953 fuisti
824 1899 943 1952 omnium

90 1970 320 2042 diligentissimus,
334 1975 420 2028 multo
432 1976 564 2044 majorem
576 1976 604 2028 in
616 1975 658 2028 his
671 1976 818 2029 honoribus
834 1976 944 2029 tuendis

90 2047 220 2102 adhibere
228 2049 398 2117 diligentiam
407 2051 498 2105 debes.
536 2057 578 2105 31.
591 2051 727 2121 Equidem
738 2052 773 2105 de
781 2053 835 2104 1616
844 2069 945 2120 genero

90 2123 221 2178 honorum
234 2126 301 2194 quid
314 2127 446 2180 sentirem
459 2127 554 2195 scripsi
567 2128 604 2180 ad
615 2132 644 2180 16
658 2131 730 2181 ante.
767 2128 881 2195 Semper
898 2143 944 2180 666

90 2201 188 2267 putavi,
201 2203 223 2253 si
236 2203 362 2268 vulgares
377 2206 476 2268 essent,
493 2203 575 2267 viles,
593 2204 615 2255 si
633 2203 764 2270 temporis
784 2219 864 2255 causa
887 2219 947 2255 eon-

90 2275 278 2342 stituerentur,
302 2277 391 2341 leves;
412 2278 434 2330 si
459 2294 530 2343 vero,
554 2278 585 2330 id
606 2277 680 2346 quod
707 2279 747 2330 ita
770 2278 872 2330 iactum
896 2283 946 2338 est,

90 2351 196 2403 meritis
209 2351 263 2403 tuis
282 2352 374 2405 1111116
389 2355 477 2418 entur,
500 2352 691 2406 existimabam
710 2353 825 2406 multam
847 2353 898 2406 tibi
918 2355 946 2407 in

90 2426 124 2478 iis
144 2425 291 2479 honoribus
310 2369 420 2480 tuenhis
440 2444 550 2496 operam
572 2445 631 2480 6666
659 2429 818 2496 ponendam.
857 2430 946 2494 Quare

92 2501 218 2569 quoniam
234 2501 262 2554 in
282 2502 343 2555 istis
362 2503 475 2556 urbibus
496 2519 556 2556 cum
582 2520 686 2556 summo
710 2504 824 2573 imperio
850 2510 879 2560 et
900 2523 947 2575 po-

56 2598 59 2603 ·
91 2580 194 2630 testate
207 2578 371 2646 versaris,·in
391 2579 490 2647 quibus
507 2582 569 2632 tuas
589 2580 705 2633 virtutes
726 2585 898 2636 consecratas
919 2586 946 2636 61

91 2654 245 2707 iudeorum
262 2671 374 2708 numero
394 2656 537 2709 collocatas
559 2656 643 2724 vides,
661 2657 840 2711 in'omnibus
865 2659 946 2711 rebus

92 2747 159 2798 quas
186 2734 299 2797 statues,
325 2748 391 2800 quas
416 2732 552 2799 decernes,
578 2749 646 2801 quas
670 2751 742 2802 ages,
768 2734 835 2800 quid
860 2735 946 2786 tantis

91 2806 230 2859 hominum
255 2808 431 2876 opinionibus,
451 2808 536 2861 tantis
556 2808 591 2860 dc
611 2811 640 2861 tc
657 2809 775 2877 judiciis,
795 2809 881 2861 tantis
900 2808 946 2861 ho

92 2883 201 2935 noribus
221 2883 329 2950 deheaS,
349 2883 491 2950 cogitabis.
530 2883 564 2937 Id
582 2888 674 2937 autem
696 2884 748 2936 6111
765 2882 900 2950 ejusmodi
916 2901 935 2936 u

92 2959 214 3010 consulas
239 2959 370 3026 omnibus,
389 2963 421 3012 ut
447 2960 576 3013 medeare
598 2959 787 3011 incommodis
800 2956 913 3002 *nom
954 3000 957 3005 <

88 3033 234 3101 provideas
247 3035 337 3104 saluti,
350 3039 385 3092 ut
396 3039 427 3091 te
438 3040 595 3107 parentem
611 3034 700 3088 haiae
711 3033 746 3081 61
762 3025 827 3076 mex
840 3017 965 3083 aba&

84 3107 158 3162 velis.
193 3122 199 3137 ·
387 3137 419 3169 .·
884 3128 1002 3206 was

127 3183 181 3239 Xl.
207 3192 251 3244 32.
273 3190 383 3266 Abduc
406 3194 482 3251 huie
507 3197 585 3249 tuae
611 3173 776 3241 solxmtat'x
798 3181 840 3220 ‘³⁸⁸⁶
868 3155 931 3204 m
