2084 3404
163 317 355 394 nrrsrom
382 316 435 390 ao
464 313 653 404 eorunm
680 279 875 390 narnien.

265 465 320 532 (Ao
339 464 371 528 Q.
389 460 537 528 nummu,
557 461 618 515 Ina
638 473 657 516 1.
674 459 722 515 Er.
742 461 773 526 1.)

426 626 624 638 m-—n——u——n—

306 752 465 810 Mnuous
485 756 518 821 Q.
538 756 686 810 FRATRI
706 755 733 809 S.

149 868 171 924 1.
191 875 211 924 l.
236 871 301 928 Ersl
317 891 369 927 non
382 873 542 929 dubitabam
554 873 620 942 quin
631 871 700 926 hane
711 869 853 940 epistolam
866 867 947 924 multi

95 947 190 1013 nuntii,
202 947 275 1001 fama
287 949 406 1017 denique
418 955 491 1004 esset
503 951 561 1019 ipsa
568 967 618 1004 sne
627 948 767 1002 eeleritate
777 949 946 1015 superatura,

95 1031 180 1090 tuque
208 1032 272 1078 ante
297 1025 332 1078 ab
356 1025 417 1080 aliis
440 1026 584 1080 auditurus
607 1041 682 1079 esses
705 1040 804 1076 annum
832 1021 946 1075 tertium

95 1099 239 1154 necessisse
255 1101 392 1156 desiderio
404 1107 497 1157 nostro
510 1106 540 1156 et
556 1101 642 1156 labori
660 1104 727 1164 tuo;
742 1104 834 1152 tamen
853 1098 947 1151 existi-

96 1175 166 1226 mavi
179 1192 196 1229 a
208 1194 251 1230 me
264 1194 374 1246 quoque
386 1178 438 1231 tibi
450 1179 531 1248 hujus
542 1178 684 1232 molestiae
694 1176 819 1230 nuntium
831 1173 947 1242 perferri

96 1255 232 1318 oportere.
280 1253 352 1307 Nam
381 1255 567 1323 superioribus
595 1253 696 1308 litteris
724 1269 777 1305 uon
808 1251 868 1303 unis
897 1249 947 1303 sed

96 1326 226 1393 pluribus,
239 1346 324 1397 quum
331 1329 390 1397 jam
407 1328 442 1383 ab
459 1330 518 1383 aliis
535 1329 682 1398 desperata
697 1345 742 1382 res
757 1331 838 1394 esset,
856 1329 947 1380 tamen

96 1401 148 1453 tibi
161 1418 211 1469 ego
224 1420 300 1471 spem
312 1409 436 1459 maturae
449 1405 614 1458 decessionis
626 1403 781 1469 afferebam,
794 1419 848 1456 non
860 1400 947 1456 solum

96 1481 230 1544 utquam
252 1478 405 1533 diutissime
429 1484 458 1533 te
478 1480 601 1548 jucunda
624 1480 750 1548 opinione
774 1477 948 1546 oblectarem,

97 1551 145 1604 sed
170 1553 255 1605 etiam
285 1555 349 1621 quia
377 1559 456 1609 tanta
483 1555 667 1608 adhibebatur
691 1559 720 1608 et
743 1572 760 1608 o
783 1553 861 1608 nobis
884 1557 948 1608 eta

96 1628 271 1694 praetoribus
294 1629 432 1685 eontentio
450 1635 482 1685 nt
506 1648 564 1684 rem
588 1648 667 1698 posse
691 1631 784 1684 eonfiei
805 1646 859 1683 nou
880 1629 949 1683 diiii-

97 1702 198 1757 derem.
234 1711 257 1758 2.
276 1705 302 1758 N
304 1722 356 1759 une
369 1705 497 1775 quoniam
510 1706 550 1760 ita
562 1706 661 1760 accidit
669 1711 701 1760 ut
711 1723 800 1774 neque
808 1710 950 1774 praetores

97 1780 153 1832 suis
165 1778 262 1848 opibus
275 1799 364 1851 neque
377 1799 425 1836 nos
437 1788 531 1837 nostro
547 1781 638 1836 studio
654 1782 804 1851 quidquam
818 1782 950 1850 proficere

96 1869 244 1924 possemus,
269 1863 312 1911 est
333 1859 440 1912 omnino
463 1858 572 1912 difficile
593 1875 648 1912 nou
672 1858 793 1926 graviter
813 1857 844 1911 id
862 1857 950 1923 ferre;

97 1930 146 1983 sed
160 1937 250 1985 tamen
262 1945 370 1987 nostros
379 1935 484 1987 animos
496 1935 621 1987 maximis
633 1934 661 1986 in
678 1934 760 1987 rebus
777 1937 806 1987 et
822 1934 951 2001 gerendis

97 2011 127 2059 et
139 2007 305 2062 sustinendis
325 2010 489 2063 exercitatos
508 2011 598 2077 frangi
617 2013 646 2062 et
666 2008 805 2063 debilitari
825 2010 951 2063 molestia

98 2097 150 2136 non
163 2088 278 2152 oportet.
315 2085 491 2155 aequoniam
503 2103 536 2140 ea
547 2085 737 2138 molestissime
749 2083 950 2138 ferrehomines

98 2158 201 2214 debent
214 2178 283 2230 qnae
296 2163 415 2232 ipsorum
428 2163 507 2233 eulpa
519 2164 659 2215 eontracta
675 2164 744 2226 sunt
757 2164 801 2214 est
819 2159 951 2229 quiddam

99 2237 127 2288 in
139 2237 189 2291 hae
202 2255 232 2292 ro
245 2239 311 2292 mihi
323 2240 465 2294 molestius
476 2238 620 2293 ferendum
639 2254 722 2306 quam
740 2236 801 2291 tibi.
837 2236 951 2290 Factum

98 2319 142 2365 est
154 2314 226 2366 enim
239 2332 299 2369 mea
311 2317 397 2384 eulpa,
409 2320 503 2370 eontra
515 2331 596 2384 quam
614 2318 645 2368 tu
661 2330 768 2367 mecum
784 2317 814 2368 et
832 2312 952 2383 proficis-

100 2404 163 2440 cens
183 2394 212 2441 et
231 2407 280 2457 per
299 2392 407 2445 litteras
431 2409 534 2460 egeres,
558 2395 590 2443 ut
610 2391 701 2459 priore
725 2407 796 2444 anno
819 2407 872 2443 non
894 2405 952 2442 sue-

100 2464 252 2517 cederetur.
289 2466 370 2528 Quod
394 2484 452 2534 ego,
476 2469 542 2520 dum
564 2466 646 2519 saluti
678 2466 810 2520 sociorum
835 2463 952 2536 consulo,

101 2538 166 2590 dum
191 2538 377 2606 impudentiae
401 2543 590 2595 nonnullorum
614 2542 814 2610 negotiatorum
843 2539 950 2604 resisto,

102 2614 167 2666 dnm
189 2617 310 2667 nostram
329 2617 445 2683 gloriam
464 2621 512 2670 tna
534 2617 639 2670 virtute
662 2616 755 2682 augeri
775 2617 881 2681 expeto,
899 2612 952 2666 feei

101 2705 154 2742 non
184 2690 330 2757 sapienter,
355 2692 517 2759 praesertim
546 2708 630 2758 quum
660 2691 689 2743 id
712 2690 892 2742 commiserim
920 2692 953 2743 ut

102 2767 148 2819 ille
173 2766 244 2820 alter
267 2783 353 2820 annus
381 2766 464 2820 etiam
490 2767 602 2820 tertium
630 2769 723 2834 posset
746 2765 890 2818 adducere.
928 2773 951 2821 3.

104 2843 183 2908 Quod
211 2842 337 2911 qnoniam
365 2847 507 2911 peecatum
535 2859 626 2895 meum
655 2859 715 2895 esso
743 2841 881 2908 confiteor,
910 2847 953 2896 est

99 2920 253 2984 sapientiae
274 2923 360 2989 atque
378 2912 556 2973 humanitatis
571 2922 637 2972 tuae
660 2935 755 2971 curare
776 2922 805 2972 et
824 2919 954 2988 perficere

52 3004 61 3081 q
86 2993 186 3046 ntlroe
199 2996 295 3050 miuus
311 2998 457 3070 sapienter
475 3015 494 3052 a
514 3015 560 3053 me
582 2996 726 3068 prouisum
745 2995 892 3062 diiigenta
908 2999 963 3046 tna

65 3066 240 3131 mittitur·
280 3077 330 3130 Ae
343 3078 367 3132 si
382 3081 413 3133 te
427 3078 489 3149 ipse
503 3075 704 3134 vehementius
714 3073 754 3128 ad
770 3084 870 3123 omnes
881 3069 978 3133 um
