2084 3404
14 190 17 195 *
90 132 119 179 43
322 125 360 174 Μ.
378 125 505 174 TULLII
521 125 710 175 CICERONIS

88 210 247 277 potestates,
260 223 326 276 opes
337 206 472 262 amicitiae
487 224 542 262 non
558 210 733 277 anteponant,
747 210 787 278 ut,
803 220 889 278 quum
904 224 938 263 ex

87 285 175 342 altera
185 289 265 355 parte
276 284 416 361 proposita
426 283 493 338 haec
505 285 568 353 sint,
581 285 718 339 exaltera
729 285 777 353 jus
792 286 937 354 amicitiae,

87 377 142 413 non
157 362 244 413 multo
259 361 307 413 illa
324 360 439 414 malint?
476 361 618 415 Imbecilla
636 361 708 415 enim
725 365 824 415 natura
841 366 883 414 cst
901 362 938 414 ad

88 435 313 491 contemnendam
343 437 501 505 potentiam,
531 454 613 507 quam
646 440 729 492 ctiam
759 439 782 490 si
815 438 939 506 neglecta

88 513 208 567 amicitia
220 514 356 567 consecuti
369 517 439 578 sunt,
452 512 626 568 obscuratum
638 515 673 568 iri
685 514 861 580 arbitrantur,
875 515 939 582 quia

88 605 142 642 non
155 589 212 643 sine
224 606 323 656 magna
334 606 415 642 causa
427 589 463 642 sit
479 590 603 658 neglecta
619 591 744 644 amicitia.
781 597 820 645 64.
839 591 938 659 ltaque

88 681 169 718 verae
193 665 327 718 amicitiae
352 664 509 720 difficillime
532 667 706 735 reperiuntur
728 668 757 720 in
780 667 814 720 iis
838 667 885 735 qui
910 667 937 719 in

89 740 237 793 bonoribus
257 757 343 809 reque
364 742 473 809 publica
494 746 645 797 versantur.
680 742 737 797 Ubi
759 745 831 797 enim
854 745 939 797 istum

88 816 209 869 invenias
223 817 270 884 qui
282 815 411 871 honorem
424 819 503 872 amici
515 823 663 887 anteponat
675 823 743 874 suot
780 819 859 883 Quid,
872 818 939 872 haec

88 896 120 944 ut
144 894 276 959 omittam,
304 909 387 961 qnam
411 910 516 962 graves,
542 912 624 964 quam
651 895 774 948 difficiles
799 895 939 962 plerisque

88 967 218 1021 videntur
230 969 416 1022 calamitatum
429 971 581 1038 societates,
594 971 630 1023 ad
647 987 715 1039 quas
731 987 785 1023 non
802 973 844 1024 est
860 969 939 1023 facile

88 1044 200 1097 inventu
212 1045 260 1113 qui
271 1045 436 1100 descendat:
453 1063 617 1115 quamquam
630 1047 732 1100 Ennius
744 1049 836 1101 recte:

257 1124 360 1171 Amicus
372 1128 453 1172 certus
465 1125 490 1172 in
501 1141 527 1172 rc
539 1125 632 1172 incerta
644 1125 767 1172 cernitur:

89 1198 181 1255 tame‘n
210 1201 289 1256 haec*
307 1201 370 1255 due
390 1202 511 1256 levitatis
540 1206 569 1256 ct
598 1202 765 1256 infirmitatis
793 1202 939 1273 plerosquo

90 1278 259 1346 convincunt,
277 1281 326 1331 aut
343 1279 365 1330 si
386 1278 414 1330 in
434 1278 513 1331 bonis
531 1278 616 1332 robus
637 1281 821 1345 contemnunt,
842 1284 890 1332 aut
910 1281 939 1332 in

90 1353 168 1405 rnalis
181 1353 319 1406 deserunt.

142 1429 257 1482 XVIII.
270 1428 323 1492 Qui
334 1428 419 1495 igitur
428 1432 546 1496 utraque
555 1430 584 1480 in
594 1445 624 1481 rc
633 1445 751 1495 gravem,
761 1431 938 1497 constantem,

90 1503 217 1556 stabilem
238 1519 267 1555 se
287 1503 315 1555 in
337 1503 456 1556 amicitia
476 1504 653 1570 praestiterit,
673 1503 745 1555 hunc
766 1519 801 1556 ex
821 1504 939 1558 maximo

89 1595 152 1632 raro
164 1578 301 1631 hominum
314 1594 414 1645 genere
421 1577 548 1645 judicare
561 1577 691 1631 debemus
703 1581 733 1631 et
743 1594 830 1646 paene
839 1579 938 1632 divino.

90 1660 130 1708 65.
149 1654 364 1706 Firmamentum
377 1659 470 1705 autem
480 1652 637 1706 stabilitatis
646 1653 869 1721 constantiaeque
879 1655 938 1722 ejus

90 1745 172 1798 quam
185 1730 214 1782 in
229 1728 348 1782 amicitia
362 1728 520 1796 quaerimus
534 1728 603 1781 fides
622 1732 671 1782 est.
707 1729 784 1782 Nihil
798 1731 871 1783 enim
883 1735 939 1784 sta·

89 1805 154 1859 bile·
168 1809 211 1860 est
228 1804 308 1874 quod
324 1804 447 1856 infidum.
484 1804 639 1873 Simplicem
657 1809 802 1873 praeterea
819 1809 849 1859 et
867 1823 938 1860 com-

90 1898 199 1936 munem
220 1885 250 1935 et
273 1880 488 1941 consentientem
509 1881 556 1948 qui
577 1880 659 1934 rebus
678 1881 775 1934 iisdem
798 1886 939 1936 moveatur
977 1900 984 1913 ·

90 1958 153 2025 eligi
176 1974 227 2026 par
250 1960 310 2019 est;
334 1972 404 2023 quac
428 1956 516 2008 omnia
539 1957 679 2024 pertinent
705 1957 741 2010 ad
766 1957 930 2012 fidelitatem>
991 1989 994 1994 Δ

92 2033 189 2102 Neque
208 2032 280 2086 enim
297 2031 381 2084 fidum
400 2035 493 2100 potest
510 2048 571 2086 esse
587 2033 731 2101 multiplex
749 2034 888 2100 ingenium
909 2040 939 2090 et

90 2111 261 2172 tortuosum
277 2124 365 2176 neque
382 2124 454 2174 vere,
469 2108 515 2177 qui
531 2124 584 2160 non
600 2107 698 2161 iisdem
715 2108 797 2162 rebus
813 2114 938 2173 movetur

89 2189 242 2254 naturaque
259 2184 401 2249 consentit,
419 2187 467 2237 aut
485 2182 556 2237 lidus
573 2187 622 2237 aut
639 2183 744 2237 stabilis
762 2189 853 2253 potest
871 2202 937 2241 esso.
970 2204 974 2210 ·

91 2260 259 2315 Addendnm
275 2259 371 2314 eodem
388 2263 429 2313 est
447 2263 479 2314 ut
496 2277 531 2313 ne
548 2260 708 2313 criminibus
725 2264 773 2314 aut
790 2260 938 2315 inferendis

90 2337 243 2392 delectetur
257 2339 305 2390 ant
319 2338 414 2390 credat
430 2336 536 2404 oblatis,
554 2353 625 2405 quae
640 2337 781 2405 pertinent
798 2338 887 2391 omnia
902 2339 939 2393 ad

90 2430 150 2466 earn
180 2430 261 2482 quam
287 2412 452 2480 jamdudum
481 2417 570 2467 tracto
601 2414 789 2468 constantiam.
826 2415 871 2468 lta
906 2416 939 2470 fit

90 2505 185 2541 verum
197 2489 263 2541 illud
275 2488 351 2556 quod
364 2489 442 2542 initio
458 2489 523 2556 dixi,
538 2489 684 2542 amicitiam
699 2490 750 2542 nisi
764 2489 837 2543 inter
853 2490 939 2543 bonos

90 2581 150 2617 csse
173 2579 227 2616 uon
250 2579 337 2631 posse.
375 2565 425 2616 llst
449 2564 521 2617 enim
545 2563 608 2617 boni
632 2564 691 2629 viri,
716 2582 797 2632 quem
821 2567 937 2618 eundem

91 2639 242 2707 sapientem
263 2639 328 2691 licet
349 2638 448 2705 dicere,
469 2639 536 2702 haec
557 2640 611 2692 dno
632 2642 727 2693 tenore
750 2640 778 2691 in
802 2640 938 2704 amicitia;

91 2717 216 2785 priunum,
237 2731 272 2767 ne
294 2714 360 2782 quid
381 2716 475 2768 fictum
497 2715 533 2768 sit
556 2731 624 2768 neve
649 2714 821 2768 simulatum:
843 2720 938 2782 aperte

91 2792 162 2845 enirn
176 2792 217 2844 vel
230 2789 320 2843 odisse
332 2790 419 2858 magis
429 2790 540 2857 ingenui
552 2793 595 2842 est
608 2805 689 2858 quam
701 2789 790 2842 fronte
802 2791 938 2844 occultare

91 2867 270 2921 sententiam:
287 2865 392 2933 deinde,
407 2883 460 2918 non
475 2865 561 2920 solum
578 2865 613 2918 ab
631 2865 722 2933 aliquo
739 2866 835 2920 allatas
852 2867 939 2920 crimi-

87 2946 214 2997 nationes
232 2943 372 3011 repellerc‚
393 2941 443 2995 sed
463 2959 498 2996 no
518 2943 608 3011 ipsum
633 2941 744 3010 quidem
768 2959 828 2996 esse
852 2946 936 3012 suspi-

70 3016 178 3090 qrbsnm
202 3034 320 3084 semper
340 3019 448 3090 aliquid
476 3019 682 3074 existimantem
707 3018 743 3071 ab
768 3019 855 3072 amieo
880 3037 941 3073 esse

54 3082 199 3142 nolarum.
240 3098 282 3145 66,
304 3095 438 3154 Accedat
457 3098 514 3155 huc
534 3098 663 3154 suavitas
683 3095 827 3167 quaedam
846 3098 959 3164 eportet

54 3156 209 3215 9Πυοιιιιιιι
225 3168 323 3238 atque
341 3187 471 3247 morum,
493 3177 727 3251 haudquaquam
743 3172 894 3228 mediocre
908 3182 972 3220 ceu-
