2084 3404
342 149 509 198 LAELIUS.
545 150 622 199 GAP.
641 149 750 200 ILIH.
788 193 792 202 ,
842 111 849 121 ἱ
939 151 968 200 31

127 225 306 296 appellantur,
323 242 370 279 cos
384 228 431 294 qui
445 227 500 280 ista
513 227 641 281 subtilius
659 231 794 297 quaenunt
810 213 840 283 in
856 235 971 283 num'cro

127 302 290 370 sapientium
312 318 367 355 non
389 302 643 357 habent-Athonis
665 321 749 357 unum
772 305 924 374 accepimus
941 309 972 359 ct

127 392 189 429 cum
202 377 312 444 quidem
325 378 408 431 etiam
421 379 554 448 Apollinis
568 380 677 433 oraculo
689 380 915 448 sapientissimum
925 381 971 448 ju-

127 452 261 517 dicatum3
279 453 349 507 hano
357 470 417 508 esso
425 455 454 507 in
465 458 495 508 te
504 455 664 521 sapientiam
672 456 829 510 existimant
840 461 872 509 ut
881 458 971 509 omniu

127 526 175 576 tua
191 523 219 576 in
238 526 267 576 to
283 525 371 591 posita
388 538 448 576 csso
466 523 548 576 ducas
570 524 756 593 humanosque
778 543 855 580 casus
872 528 974 581 virtute

126 597 269 652 inferiores
282 604 369 667 putes.
399 599 497 667 Itaque
509 616 543 652 ex
555 616 599 652 me
611 605 754 667 quaeruut,
766 601 848 655 credo
860 601 927 655 item
939 619 974 656 ex

127 672 177 726 hoc
199 674 334 741 Scaevola,
353 691 469 742 quonam
489 678 569 744 pacto
591 679 708 729 mortem
733 677 854 731 Africani
884 676 972 746 serus;

126 763 213 815 eoque
231 746 316 814 magis
331 747 405 815 quod
421 747 464 801 his
477 747 608 817 proximis
622 747 715 816 Nonis,
732 764 816 816 quum
833 748 862 801 in
875 747 972 803 hortos

127 822 159 874 D.
172 823 253 875 Bruti
269 823 379 890 auguris
394 823 593 876 commentandi
609 840 698 891 causa,
714 827 747 878 ut
762 824 869 891 assolet,
885 823 972 878 venis-

126 914 224 967 semus,
238 900 271 951 tu
283 915 337 952 non
353 898 464 952 adfuisti
480 899 527 967 qui
541 899 750 966 diligentissimo
767 917 876 967 semper
893 899 971 952 ilium

126 973 199 1028 diem
217 977 246 1027 et
261 974 330 1028 illud
342 991 440 1027 munus
454 974 549 1027 solitus
565 991 638 1028 esses
656 976 740 1029 obire.
776 981 800 1030 8.
818 976 971 1029 Soauvom.

127 1049 268 1114 Quaerunt
285 1050 403 1117 quidum,
418 1051 448 1103 0.
461 1049 543 1116 Laeli,
556 1050 645 1116 multi,
659 1055 691 1104 ut
705 1055 749 1104 est
764 1068 781 1103 a
799 1051 902 1104 Fannio
917 1050 972 1104 dic-

127 1128 201 1188 tum;
216 1124 325 1192 sedego
334 1124 363 1176 id
372 1124 524 1191 respondeo
533 1125 607 1192 quod
615 1125 841 1192 animadvertite
851 1127 972 1179 dolorem

127 1216 209 1266 quom
222 1199 358 1266 acceperis
370 1215 454 1266 quum
466 1199 564 1252 summi
575 1200 627 1252 viri
640 1204 701 1253 tum
712 1201 868 1253 amicissimi
884 1205 972 1254 morto

127 1275 200 1326 ferro
214 1275 364 1343 moderatu
380 1290 429 1327 nec
443 1274 564 1341 potuisse
577 1290 630 1351 non
644 1275 806 1327 commoveri
821 1291 871 1328 nec
888 1275 973 1328 tuisse

127 1351 156 1402 id
173 1350 350 1403 humanitatis
363 1353 443 1414 tuas;
464 1348 538 1417 quod
555 1353 647 1403 autom
661 1349 704 1402 his
716 1350 802 1404 Nonis
816 1350 845 1402 in
859 1350 974 1418 collegio

129 1431 223 1479 nostro
240 1443 294 1480 non
311 1424 443 1478 adfuisses
461 1423 647 1494 valetudinem
663 1442 773 1479 causam
790 1442 844 1479 non
863 1425 973 1479 maesti-

132 1503 197 1556 tiam
214 1502 305 1556 fuisse.
340 1500 472 1555 Lunurus.
498 1501 583 1554 Recto
602 1504 635 1555 tu
654 1501 772 1570 quidem,
791 1502 926 1569 Scaevola,
944 1504 974 1555 ot

131 1595 200 1632 vere.
236 1578 294 1632 Nec
313 1577 385 1630 euim
405 1576 440 1630 ab
457 1578 511 1630 isto
528 1577 613 1631 officio
632 1577 706 1646 quod
722 1595 830 1647 semper
846 1578 974 1647 usurpavi

132 1671 215 1722 quum
229 1653 346 1707 valerem
361 1652 459 1706 abduci
476 1653 645 1706 incommodo
663 1670 724 1708 mco
743 1654 832 1722 debui,
851 1672 902 1708 nco
918 1655 974 1707 ullo

132 1745 195 1782 casu
210 1728 329 1782 arbitror
344 1729 395 1782 hoc
412 1729 545 1782 constanti
562 1729 663 1782 homini
678 1747 759 1798 posse
773 1732 975 1797 contingerent

132 1805 187 1856 ulta
203 1803 367 1857 intermissio
387 1804 436 1857 fiat
454 1803 541 1856 officii.
577 1811 600 1859 9.
624 1805 665 1858 Τιι
688 1804 975 1873 autemFanniquod

133 1880 198 1931 mihi
212 1882 320 1949 tautum
333 1877 417 1931 tribui
433 1878 502 1932 dicis
516 1883 649 1952 quantum
664 1897 716 1948 ego
730 1897 781 1933 noc
795 1897 910 1948 agnosco
925 1897 975 1934 noc

132 1955 246 2022 postulo,
259 1954 325 2008 iacis
340 1955 440 2019 amico3
457 1955 513 2020 sod,
526 1959 558 2008 ut
572 1956 638 2009 mihi
651 1956 759 2022 videris,
774 1973 828 2009 non
844 1960 919 2011 recte
931 1957 975 2024 ju-

133 2031 206 2084 dicus
220 2031 255 2085 do
267 2031 378 2087 Catone.
415 2032 475 2085 Aut
488 2031 559 2084 enim
574 2049 660 2098 nemo,
675 2033 748 2100 quod
764 2033 874 2102 quidem
888 2032 975 2100 magis

132 2107 281 2173 eructuant
298 2108 320 2160 si
336 2107 486 2174 quisquam,
501 2107 547 2159 ille
561 2109 669 2176 sapiens
683 2109 743 2162 fuit.
780 2109 927 2172 Quomodo,
942 2111 975 2162 ut

132 2183 183 2235 alia
195 2183 327 2247 omittam,
340 2187 456 2235 mortem
470 2181 519 2234 filii
533 2183 611 2236 tulit!
649 2183 827 2236 Memineram
843 2183 976 2252 Paullum,

131 2258 252 2312 vidoram
266 2258 389 2319 Gallum3
407 2257 457 2309 sod
472 2257 501 2308 hi
517 2257 545 2308 in
560 2257 668 2324 pucris3
687 2258 755 2310 Cato
770 2259 797 2309 in
813 2258 935 2326 perfecto
947 2262 977 2312 et

53 2346 59 2358 ·
132 2335 253 2399 spectato
267 2332 332 2385 viro.
370 2336 409 2384 10.
429 2330 610 2394 Quamobrem
629 2348 693 2386 cave
714 2331 809 2384 Catoni
829 2337 976 2402 anteponas

132 2424 166 2459 no
180 2405 263 2460 istum
279 2405 390 2474 quidem
405 2406 493 2472 ipsum
508 2423 590 2474 quem
605 2406 711 2474 Apollo,
726 2410 758 2460 ut
773 2408 821 2474 ais,
837 2409 977 2477 sapientis-

132 2483 229 2536 simum
236 2481 379 2549 judicavit.
417 2480 509 2548 Hujus
520 2481 592 2533 enim
604 2482 683 2548 facta,
696 2481 768 2535 illius
780 2483 854 2537 dicta
867 2485 977 2538 laudan·

131 2562 184 2611 tur.
218 2558 259 2610 Do
283 2573 328 2610 mo
351 2559 451 2622 autom,
471 2560 502 2608 ut
521 2555 580 2624 jam
598 2573 661 2610 oum
679 2560 797 2626 utroque
817 2560 920 2629 loquar,
937 2562 976 2616 sic

131 2634 268 2688 habetote,

183 2710 239 2764 ΙΙΙ.
278 2710 334 2778 Ego
351 2710 374 2762 si
393 2708 524 2777 Scipionis
538 2709 674 2764 desiderio
688 2728 733 2766 me
749 2713 852 2766 moveri
869 2728 976 2780 negem,

131 2803 212 2853 quam
235 2786 265 2838 id
288 2788 363 2838 recto
385 2784 482 2837 facium
505 2784 625 2838 viderint
650 2787 801 2855 sapientes;
828 2787 877 2840 sod

130 2863 252 2915 mentiar.
289 2861 402 2914 Movoor
420 2862 492 2914 enim
513 2859 561 2913 tali
585 2862 671 2913 amico
690 2860 810 2927 orbatus,
830 2877 867 2928 qu
913 2866 916 2872 '

131 2937 256 3004 arbitror,
269 2953 348 2989 nemo
362 2952 481 3004 unquam
493 2937 563 3002 orit3
580 2940 612 2989 ut
626 2937 792 2988 confirmans
800 2939 874 2996 poss

865 2788 992 3176 g

129 3027 174 3065 mo
192 3015 267 3066 corto
285 3012 346 3068 fuit.
384 3011 442 3068 Sosi
458 3030 516 3067 nou
534 3029 605 3081 ugos
621 3010 786 3063 usurum:
800 3002 886 3051 ms'x

121 3087 196 3175 solor
211 3092 243 3144 et
258 3091 385 3146 maximo
402 3092 453 3148 iilo
473 3091 579 3146 soiutio
597 3085 682 3171 quob
702 3097 738 3132 su
757 3084 955 3184 mmmm

24 3197 28 3202 -
113 3176 271 3221 amicorum
291 3167 421 3227 decessu
445 3169 590 3244 ptariqus
609 3176 687 3228 angi
704 3148 824 3208 soient„
