<?xml version="1.0" encoding="UTF-8"?>
<!DOCTYPE html PUBLIC "-//W3C//DTD XHTML 1.0 Transitional//EN"
    "http://www.w3.org/TR/xhtml1/DTD/xhtml1-transitional.dtd">
<html xmlns="http://www.w3.org/1999/xhtml" xml:lang="en" lang="en">
 <head>
  <title>
</title>
<meta http-equiv="Content-Type" content="text/html;charset=utf-8" />
  <meta name='ocr-system' content='tesseract 3.04.00' />
  <meta name='ocr-capabilities' content='ocr_page ocr_carea ocr_par ocr_line ocrx_word'/>
</head>
<body>
  <div class='ocr_page' id='page_1' title='image "./catomajorsivede01cicegoog_0075.png"; bbox 0 0 2084 3404; ppageno 0'>
   <div class='ocr_carea' id='block_1_1' title="bbox 38 98 1035 3221">
    <p class='ocr_par' dir='ltr' id='par_1_1' title="bbox 38 98 1035 3221">
     <span class='ocr_line' id='line_1_1' title="bbox 104 98 589 159; baseline -0.002 -12"><span class='ocrx_word' id='word_1_1' title='bbox 104 98 136 147; x_wconf 75' lang='lat' dir='ltr'><strong>dl</strong></span> <span class='ocrx_word' id='word_1_2' title='bbox 414 99 589 159; x_wconf 65' lang='lat' dir='ltr'><strong>EPIs&#39;TOrLA</strong></span> 
     </span>
     <span class='ocr_line' id='line_1_2' title="bbox 102 177 957 251; baseline -0.001 -15"><span class='ocrx_word' id='word_1_3' title='bbox 102 183 246 251; x_wconf 82' lang='lat' dir='ltr'><strong>dignitatis</strong></span> <span class='ocrx_word' id='word_1_4' title='bbox 262 181 380 250; x_wconf 80' lang='lat' dir='ltr'><strong>insignia</strong></span> <span class='ocrx_word' id='word_1_5' title='bbox 398 197 479 249; x_wconf 88' lang='lat' dir='ltr'><strong>quam</strong></span> <span class='ocrx_word' id='word_1_6' title='bbox 496 179 650 248; x_wconf 82' lang='lat' dir='ltr'><strong>potestatis.</strong></span> <span class='ocrx_word' id='word_1_7' title='bbox 693 177 756 232; x_wconf 78' lang='lat' dir='ltr'><strong>&#39;loti</strong></span> <span class='ocrx_word' id='word_1_8' title='bbox 776 177 898 248; x_wconf 86' lang='lat' dir='ltr'><strong>deniqne</strong></span> <span class='ocrx_word' id='word_1_9' title='bbox 917 181 957 236; x_wconf 78' lang='lat' dir='ltr'><strong>sit</strong></span> 
     </span>
     <span class='ocr_line' id='line_1_3' title="bbox 101 254 955 326; baseline -0.001 -15"><span class='ocrx_word' id='word_1_10' title='bbox 101 258 256 326; x_wconf 87' lang='lat' dir='ltr'><strong>provinciae</strong></span> <span class='ocrx_word' id='word_1_11' title='bbox 266 260 404 326; x_wconf 81' lang='lat' dir='ltr'><strong>cognitum</strong></span> <span class='ocrx_word' id='word_1_12' title='bbox 416 257 468 310; x_wconf 91' lang='lat' dir='ltr'><strong>tibi</strong></span> <span class='ocrx_word' id='word_1_13' title='bbox 477 257 597 309; x_wconf 88' lang='lat' dir='ltr'><strong>omnium</strong></span> <span class='ocrx_word' id='word_1_14' title='bbox 607 254 707 324; x_wconf 88' lang='lat' dir='ltr'><strong>quibus</strong></span> <span class='ocrx_word' id='word_1_15' title='bbox 715 256 821 324; x_wconf 85' lang='lat' dir='ltr'><strong>praesis</strong></span> <span class='ocrx_word' id='word_1_16' title='bbox 829 256 955 325; x_wconf 84' lang='lat' dir='ltr'><strong>salutem,</strong></span> 
     </span>
     <span class='ocr_line' id='line_1_4' title="bbox 101 332 956 402; baseline 0 -15"><span class='ocrx_word' id='word_1_17' title='bbox 101 334 208 402; x_wconf 87' lang='lat' dir='ltr'><strong>liberos,</strong></span> <span class='ocrx_word' id='word_1_18' title='bbox 221 335 328 399; x_wconf 86' lang='lat' dir='ltr'><strong>famam,</strong></span> <span class='ocrx_word' id='word_1_19' title='bbox 341 333 466 387; x_wconf 73' lang='lat' dir='ltr'><strong>fortunas</strong></span> <span class='ocrx_word' id='word_1_20' title='bbox 477 349 537 386; x_wconf 88' lang='lat' dir='ltr'><strong>esse</strong></span> <span class='ocrx_word' id='word_1_21' title='bbox 547 332 707 385; x_wconf 87' lang='lat' dir='ltr'><strong>carissimas.</strong></span> <span class='ocrx_word' id='word_1_22' title='bbox 744 332 872 401; x_wconf 88' lang='lat' dir='ltr'><strong>Denique</strong></span> <span class='ocrx_word' id='word_1_23' title='bbox 886 333 956 387; x_wconf 88' lang='lat' dir='ltr'><strong>haee</strong></span> 
     </span>
     <span class='ocr_line' id='line_1_5' title="bbox 102 408 957 479; baseline -0.002 -14"><span class='ocrx_word' id='word_1_24' title='bbox 102 412 192 479; x_wconf 90' lang='lat' dir='ltr'><strong>opinio</strong></span> <span class='ocrx_word' id='word_1_25' title='bbox 204 412 246 476; x_wconf 73' lang='lat' dir='ltr'><strong>sit</strong></span> <span class='ocrx_word' id='word_1_26' title='bbox 264 428 318 464; x_wconf 92' lang='lat' dir='ltr'><strong>non</strong></span> <span class='ocrx_word' id='word_1_27' title='bbox 335 411 417 464; x_wconf 90' lang='lat' dir='ltr'><strong>modo</strong></span> <span class='ocrx_word' id='word_1_28' title='bbox 433 411 468 462; x_wconf 91' lang='lat' dir='ltr'><strong>iis</strong></span> <span class='ocrx_word' id='word_1_29' title='bbox 486 410 534 477; x_wconf 90' lang='lat' dir='ltr'><strong>qui</strong></span> <span class='ocrx_word' id='word_1_30' title='bbox 551 408 656 476; x_wconf 89' lang='lat' dir='ltr'><strong>aliquid</strong></span> <span class='ocrx_word' id='word_1_31' title='bbox 673 409 830 477; x_wconf 86' lang='lat' dir='ltr'><strong>acceperint</strong></span> <span class='ocrx_word' id='word_1_32' title='bbox 849 409 899 463; x_wconf 87' lang='lat' dir='ltr'><strong>sed</strong></span> <span class='ocrx_word' id='word_1_33' title='bbox 919 410 957 464; x_wconf 88' lang='lat' dir='ltr'><strong>iis</strong></span> 
     </span>
     <span class='ocr_line' id='line_1_6' title="bbox 103 485 956 556; baseline -0.004 -15"><span class='ocrx_word' id='word_1_34' title='bbox 103 489 185 541; x_wconf 87' lang='lat' dir='ltr'><strong>etiam</strong></span> <span class='ocrx_word' id='word_1_35' title='bbox 212 488 259 556; x_wconf 88' lang='lat' dir='ltr'><strong>qui</strong></span> <span class='ocrx_word' id='word_1_36' title='bbox 286 487 415 540; x_wconf 79' lang='lat' dir='ltr'><strong>dederint</strong></span> <span class='ocrx_word' id='word_1_37' title='bbox 440 490 470 539; x_wconf 88' lang='lat' dir='ltr'><strong>te</strong></span> <span class='ocrx_word' id='word_1_38' title='bbox 494 486 642 550; x_wconf 78' lang='lat' dir='ltr'><strong>inimicum,</strong></span> <span class='ocrx_word' id='word_1_39' title='bbox 673 486 695 538; x_wconf 90' lang='lat' dir='ltr'><strong>si</strong></span> <span class='ocrx_word' id='word_1_40' title='bbox 725 485 756 538; x_wconf 89' lang='lat' dir='ltr'><strong>id</strong></span> <span class='ocrx_word' id='word_1_41' title='bbox 786 487 956 554; x_wconf 69' lang='lat' dir='ltr'>cognoveris,</span> 
     </span>
     <span class='ocr_line' id='line_1_7' title="bbox 102 560 956 631; baseline 0 -15"><span class='ocrx_word' id='word_1_42' title='bbox 102 564 231 617; x_wconf 86' lang='lat' dir='ltr'><strong>futurum.</strong></span> <span class='ocrx_word' id='word_1_43' title='bbox 267 563 365 631; x_wconf 84' lang='lat' dir='ltr'><strong>Neque</strong></span> <span class='ocrx_word' id='word_1_44' title='bbox 381 579 446 616; x_wconf 87' lang='lat' dir='ltr'><strong>vero</strong></span> <span class='ocrx_word' id='word_1_45' title='bbox 462 562 606 630; x_wconf 89' lang='lat' dir='ltr'><strong>quisquam</strong></span> <span class='ocrx_word' id='word_1_46' title='bbox 623 560 709 628; x_wconf 81' lang='lat' dir='ltr'><strong>dabit,</strong></span> <span class='ocrx_word' id='word_1_47' title='bbox 728 579 814 630; x_wconf 89' lang='lat' dir='ltr'><strong>quum</strong></span> <span class='ocrx_word' id='word_1_48' title='bbox 832 563 886 616; x_wconf 86' lang='lat' dir='ltr'><strong>en&#39;t</strong></span> <span class='ocrx_word' id='word_1_49' title='bbox 903 561 956 616; x_wconf 87' lang='lat' dir='ltr'><strong>hoc</strong></span> 
     </span>
     <span class='ocr_line' id='line_1_8' title="bbox 103 638 957 714; baseline -0.001 -22"><span class='ocrx_word' id='word_1_50' title='bbox 103 644 285 708; x_wconf 82' lang='lat' dir='ltr'><strong>perspectum,</strong></span> <span class='ocrx_word' id='word_1_51' title='bbox 308 638 375 691; x_wconf 91' lang='lat' dir='ltr'><strong>nihil</strong></span> <span class='ocrx_word' id='word_1_52' title='bbox 398 655 449 706; x_wconf 87' lang='lat' dir='ltr'><strong>per</strong></span> <span class='ocrx_word' id='word_1_53' title='bbox 472 655 519 691; x_wconf 87' lang='lat' dir='ltr'><strong>cos</strong></span> <span class='ocrx_word' id='word_1_54' title='bbox 542 639 589 706; x_wconf 88' lang='lat' dir='ltr'><strong>qui</strong></span> <span class='ocrx_word' id='word_1_55' title='bbox 614 638 745 714; x_wconf 73' lang='lat' dir='ltr'><strong>simulent</strong></span> <span class='ocrx_word' id='word_1_56' title='bbox 768 655 799 692; x_wconf 92' lang='lat' dir='ltr'><strong>se</strong></span> <span class='ocrx_word' id='word_1_57' title='bbox 823 638 899 707; x_wconf 89' lang='lat' dir='ltr'><strong>apud</strong></span> <span class='ocrx_word' id='word_1_58' title='bbox 925 642 957 692; x_wconf 88' lang='lat' dir='ltr'><strong>tc</strong></span> 
     </span>
     <span class='ocr_line' id='line_1_9' title="bbox 104 714 956 782; baseline 0.001 -15"><span class='ocrx_word' id='word_1_59' title='bbox 104 716 219 768; x_wconf 88' lang='lat' dir='ltr'><strong>multum</strong></span> <span class='ocrx_word' id='word_1_60' title='bbox 231 731 311 782; x_wconf 90' lang='lat' dir='ltr'><strong>posse</strong></span> <span class='ocrx_word' id='word_1_61' title='bbox 326 714 377 768; x_wconf 90' lang='lat' dir='ltr'><strong>abs</strong></span> <span class='ocrx_word' id='word_1_62' title='bbox 392 719 421 768; x_wconf 92' lang='lat' dir='ltr'><strong>tc</strong></span> <span class='ocrx_word' id='word_1_63' title='bbox 436 715 524 768; x_wconf 87' lang='lat' dir='ltr'><strong>solere</strong></span> <span class='ocrx_word' id='word_1_64' title='bbox 540 715 691 782; x_wconf 88' lang='lat' dir='ltr'><strong>impetrari.</strong></span> <span class='ocrx_word' id='word_1_65' title='bbox 727 720 768 768; x_wconf 82' lang='lat'><strong>14.</strong></span> <span class='ocrx_word' id='word_1_66' title='bbox 785 714 812 768; x_wconf 87' lang='lat' dir='ltr'>N</span> <span class='ocrx_word' id='word_1_67' title='bbox 814 732 846 768; x_wconf 92' lang='lat' dir='ltr'><strong>ec</strong></span> <span class='ocrx_word' id='word_1_68' title='bbox 861 717 956 768; x_wconf 86' lang='lat' dir='ltr'><strong>tamen</strong></span> 
     </span>
     <span class='ocr_line' id='line_1_10' title="bbox 104 790 957 859; baseline 0 -16"><span class='ocrx_word' id='word_1_69' title='bbox 104 791 170 844; x_wconf 80' lang='lat' dir='ltr'><strong>hacc</strong></span> <span class='ocrx_word' id='word_1_70' title='bbox 185 792 272 844; x_wconf 87' lang='lat' dir='ltr'><strong>oratio</strong></span> <span class='ocrx_word' id='word_1_71' title='bbox 287 808 349 844; x_wconf 87' lang='lat' dir='ltr'><strong>mea</strong></span> <span class='ocrx_word' id='word_1_72' title='bbox 364 795 407 844; x_wconf 90' lang='lat' dir='ltr'><strong>est</strong></span> <span class='ocrx_word' id='word_1_73' title='bbox 423 790 557 859; x_wconf 85' lang='lat' dir='ltr'><strong>ejusmodi</strong></span> <span class='ocrx_word' id='word_1_74' title='bbox 573 795 605 845; x_wconf 90' lang='lat' dir='ltr'><strong>ut</strong></span> <span class='ocrx_word' id='word_1_75' title='bbox 620 794 650 844; x_wconf 88' lang='lat' dir='ltr'><strong>te</strong></span> <span class='ocrx_word' id='word_1_76' title='bbox 665 791 695 843; x_wconf 88' lang='grc' dir='ltr'><strong>ιιι</strong></span> <span class='ocrx_word' id='word_1_77' title='bbox 710 793 774 844; x_wconf 89' lang='lat' dir='ltr'><strong>tuos</strong></span> <span class='ocrx_word' id='word_1_78' title='bbox 788 795 838 845; x_wconf 87' lang='lat' dir='ltr'><strong>ant</strong></span> <span class='ocrx_word' id='word_1_79' title='bbox 855 790 957 843; x_wconf 83' lang='lat' dir='ltr'><strong>durum</strong></span> 
     </span>
     <span class='ocr_line' id='line_1_11' title="bbox 104 866 958 936; baseline 0.002 -17"><span class='ocrx_word' id='word_1_80' title='bbox 104 883 164 920; x_wconf 88' lang='lat' dir='ltr'><strong>csse</strong></span> <span class='ocrx_word' id='word_1_81' title='bbox 181 867 294 921; x_wconf 90' lang='lat' dir='ltr'><strong>nimium</strong></span> <span class='ocrx_word' id='word_1_82' title='bbox 312 871 360 921; x_wconf 89' lang='lat' dir='ltr'><strong>aut</strong></span> <span class='ocrx_word' id='word_1_83' title='bbox 378 869 555 936; x_wconf 87' lang='lat' dir='ltr'><strong>suspiciosum</strong></span> <span class='ocrx_word' id='word_1_84' title='bbox 574 867 663 921; x_wconf 85' lang='lat' dir='ltr'><strong>velim.</strong></span> <span class='ocrx_word' id='word_1_85' title='bbox 698 867 770 920; x_wconf 87' lang='lat' dir='ltr'><strong>Nam</strong></span> <span class='ocrx_word' id='word_1_86' title='bbox 787 867 810 919; x_wconf 89' lang='lat' dir='ltr'><strong>si</strong></span> <span class='ocrx_word' id='word_1_87' title='bbox 829 866 891 934; x_wconf 88' lang='lat' dir='ltr'><strong>quis</strong></span> <span class='ocrx_word' id='word_1_88' title='bbox 912 870 958 921; x_wconf 87' lang='lat' dir='ltr'><strong>est</strong></span> 
     </span>
     <span class='ocr_line' id='line_1_12' title="bbox 104 942 957 1013; baseline 0 -17"><span class='ocrx_word' id='word_1_89' title='bbox 104 959 205 1010; x_wconf 91' lang='lat' dir='ltr'><strong>corum,</strong></span> <span class='ocrx_word' id='word_1_90' title='bbox 221 944 268 1012; x_wconf 92' lang='lat' dir='ltr'><strong>qui</strong></span> <span class='ocrx_word' id='word_1_91' title='bbox 281 943 333 997; x_wconf 92' lang='lat' dir='ltr'><strong>tibi</strong></span> <span class='ocrx_word' id='word_1_92' title='bbox 347 943 450 997; x_wconf 89' lang='lat' dir='ltr'><strong>biennii</strong></span> <span class='ocrx_word' id='word_1_93' title='bbox 466 945 555 1012; x_wconf 80' lang='lat' dir='ltr'><strong>spatio</strong></span> <span class='ocrx_word' id='word_1_94' title='bbox 569 960 717 1013; x_wconf 82' lang='lat' dir='ltr'>numquam</span> <span class='ocrx_word' id='word_1_95' title='bbox 731 943 760 994; x_wconf 91' lang='lat' dir='ltr'><strong>in</strong></span> <span class='ocrx_word' id='word_1_96' title='bbox 774 942 957 1009; x_wconf 81' lang='lat' dir='ltr'><strong>suspicionem</strong></span> 
     </span>
     <span class='ocr_line' id='line_1_13' title="bbox 104 1018 959 1088; baseline 0.002 -17"><span class='ocrx_word' id='word_1_97' title='bbox 104 1020 237 1073; x_wconf 84' lang='lat' dir='ltr'><strong>avaritiae</strong></span> <span class='ocrx_word' id='word_1_98' title='bbox 257 1020 370 1086; x_wconf 80' lang='lat' dir='ltr'><strong>venerit,</strong></span> <span class='ocrx_word' id='word_1_99' title='bbox 392 1024 424 1073; x_wconf 89' lang='lat' dir='ltr'><strong>ut</strong></span> <span class='ocrx_word' id='word_1_100' title='bbox 444 1038 496 1088; x_wconf 86' lang='lat' dir='ltr'><strong>ego</strong></span> <span class='ocrx_word' id='word_1_101' title='bbox 517 1021 641 1074; x_wconf 80' lang='lat' dir='ltr'><strong>Caesium</strong></span> <span class='ocrx_word' id='word_1_102' title='bbox 664 1023 694 1072; x_wconf 86' lang='lat' dir='ltr'><strong>et</strong></span> <span class='ocrx_word' id='word_1_103' title='bbox 717 1018 902 1086; x_wconf 85' lang='lat' dir='ltr'><strong>Chaerippum</strong></span> <span class='ocrx_word' id='word_1_104' title='bbox 926 1023 959 1073; x_wconf 87' lang='lat' dir='ltr'><strong>et</strong></span> 
     </span>
     <span class='ocr_line' id='line_1_14' title="bbox 38 1093 958 1166; baseline 0.001 -19"><span class='ocrx_word' id='word_1_105' title='bbox 38 1149 49 1166; x_wconf 46' lang='lat'><strong><em>⁴</em></strong></span> <span class='ocrx_word' id='word_1_106' title='bbox 105 1095 259 1149; x_wconf 85' lang='lat' dir='ltr'><strong>Labeonem</strong></span> <span class='ocrx_word' id='word_1_107' title='bbox 274 1101 304 1150; x_wconf 91' lang='lat' dir='ltr'><strong>et</strong></span> <span class='ocrx_word' id='word_1_108' title='bbox 317 1096 398 1150; x_wconf 89' lang='lat' dir='ltr'><strong>audio</strong></span> <span class='ocrx_word' id='word_1_109' title='bbox 413 1100 449 1160; x_wconf 89' lang='lat' dir='ltr'><strong>et,</strong></span> <span class='ocrx_word' id='word_1_110' title='bbox 465 1098 530 1165; x_wconf 92' lang='lat' dir='ltr'><strong>quia</strong></span> <span class='ocrx_word' id='word_1_111' title='bbox 544 1096 664 1163; x_wconf 86' lang='lat' dir='ltr'><strong>cognovi,</strong></span> <span class='ocrx_word' id='word_1_112' title='bbox 680 1095 813 1161; x_wconf 83' lang='lat' dir='ltr'><strong>existimo,</strong></span> <span class='ocrx_word' id='word_1_113' title='bbox 827 1093 896 1147; x_wconf 87' lang='lat' dir='ltr'><strong>nihil</strong></span> <span class='ocrx_word' id='word_1_114' title='bbox 913 1099 958 1148; x_wconf 89' lang='lat' dir='ltr'><strong>est</strong></span> 
     </span>
     <span class='ocr_line' id='line_1_15' title="bbox 105 1169 959 1240; baseline 0.002 -17"><span class='ocrx_word' id='word_1_115' title='bbox 105 1170 179 1239; x_wconf 89' lang='lat' dir='ltr'><strong>quod</strong></span> <span class='ocrx_word' id='word_1_116' title='bbox 198 1189 251 1226; x_wconf 90' lang='lat' dir='ltr'><strong>non</strong></span> <span class='ocrx_word' id='word_1_117' title='bbox 270 1173 326 1226; x_wconf 88' lang='lat' dir='ltr'><strong>et&#39;</strong></span> <span class='ocrx_word' id='word_1_118' title='bbox 319 1173 354 1226; x_wconf 84' lang='lat' dir='ltr'><strong>ris</strong></span> <span class='ocrx_word' id='word_1_119' title='bbox 375 1176 404 1226; x_wconf 89' lang='lat' dir='ltr'><strong>et</strong></span> <span class='ocrx_word' id='word_1_120' title='bbox 425 1173 448 1225; x_wconf 88' lang='lat' dir='ltr'><strong>si</strong></span> <span class='ocrx_word' id='word_1_121' title='bbox 470 1174 531 1240; x_wconf 81' lang='lat' dir='ltr'><strong>quis</strong></span> <span class='ocrx_word' id='word_1_122' title='bbox 553 1177 595 1226; x_wconf 88' lang='lat' dir='ltr'><strong>cst</strong></span> <span class='ocrx_word' id='word_1_123' title='bbox 616 1173 721 1224; x_wconf 89' lang='lat' dir='ltr'><strong>aliuse</strong></span> <span class='ocrx_word' id='word_1_124' title='bbox 718 1169 904 1238; x_wconf 84' lang='lat' dir='ltr'><strong>jusdemmodi</strong></span> <span class='ocrx_word' id='word_1_125' title='bbox 927 1175 959 1225; x_wconf 89' lang='lat' dir='ltr'><strong>et</strong></span> 
     </span>
     <span class='ocr_line' id='line_1_16' title="bbox 105 1246 957 1326; baseline -0.001 -26"><span class='ocrx_word' id='word_1_126' title='bbox 105 1248 240 1303; x_wconf 89' lang='lat' dir='ltr'><strong>committi</strong></span> <span class='ocrx_word' id='word_1_127' title='bbox 257 1252 287 1303; x_wconf 87' lang='lat' dir='ltr'><strong>et</strong></span> <span class='ocrx_word' id='word_1_128' title='bbox 303 1249 378 1303; x_wconf 88' lang='lat' dir='ltr'><strong>credi</strong></span> <span class='ocrx_word' id='word_1_129' title='bbox 390 1249 544 1302; x_wconf 77' lang='lat' dir='ltr'><strong>rectissime</strong></span> <span class='ocrx_word' id='word_1_130' title='bbox 555 1252 657 1326; x_wconf 88' lang='lat' dir='ltr'><strong>putem.</strong></span> <span class='ocrx_word' id='word_1_131' title='bbox 693 1246 783 1301; x_wconf 83' lang='lat' dir='ltr'><strong>Scd&#39;sr</strong></span> <span class='ocrx_word' id='word_1_132' title='bbox 796 1247 857 1315; x_wconf 91' lang='lat' dir='ltr'><strong>quis</strong></span> <span class='ocrx_word' id='word_1_133' title='bbox 871 1247 936 1300; x_wconf 85' lang='lat' dir='ltr'><strong>est</strong></span> <span class='ocrx_word' id='word_1_134' title='bbox 928 1265 957 1300; x_wconf 85' lang='grc' dir='ltr'><strong>ιιι</strong></span> 
     </span>
     <span class='ocr_line' id='line_1_17' title="bbox 106 1315 957 1394; baseline 0.002 -18"><span class='ocrx_word' id='word_1_135' title='bbox 106 1341 230 1392; x_wconf 69' lang='lat' dir='ltr'><strong>quojam</strong></span> <span class='ocrx_word' id='word_1_136' title='bbox 246 1325 400 1390; x_wconf 86' lang='lat' dir='ltr'><strong>offenderis,</strong></span> <span class='ocrx_word' id='word_1_137' title='bbox 417 1324 525 1394; x_wconf 88' lang='lat' dir='ltr'><strong>dequo</strong></span> <span class='ocrx_word' id='word_1_138' title='bbox 542 1315 647 1392; x_wconf 84' lang='lat' dir='ltr'><strong>aliquid</strong></span> <span class='ocrx_word' id='word_1_139' title='bbox 665 1322 790 1391; x_wconf 87' lang='lat' dir='ltr'><strong>senseris,</strong></span> <span class='ocrx_word' id='word_1_140' title='bbox 808 1322 872 1376; x_wconf 90' lang='lat' dir='ltr'><strong>huic</strong></span> <span class='ocrx_word' id='word_1_141' title='bbox 888 1322 957 1378; x_wconf 93' lang='lat' dir='ltr'><strong>nihil</strong></span> 
     </span>
     <span class='ocr_line' id='line_1_18' title="bbox 106 1399 958 1487; baseline -0.001 -35"><span class='ocrx_word' id='word_1_142' title='bbox 106 1399 262 1487; x_wconf 83' lang='lat' dir='ltr'><strong>credideris,</strong></span> <span class='ocrx_word' id='word_1_143' title='bbox 289 1400 391 1453; x_wconf 87' lang='lat' dir='ltr'><strong>nullam</strong></span> <span class='ocrx_word' id='word_1_144' title='bbox 417 1405 523 1468; x_wconf 81' lang='lat' dir='ltr'><strong>partem</strong></span> <span class='ocrx_word' id='word_1_145' title='bbox 554 1399 764 1453; x_wconf 83' lang='lat' dir='ltr'><strong>existimationis</strong></span> <span class='ocrx_word' id='word_1_146' title='bbox 791 1402 857 1453; x_wconf 85' lang='lat' dir='ltr'><strong>tuae</strong></span> <span class='ocrx_word' id='word_1_147' title='bbox 885 1414 958 1452; x_wconf 88' lang='lat' dir='ltr'><strong>com-</strong></span> 
     </span>
     <span class='ocr_line' id='line_1_19' title="bbox 106 1475 221 1529; baseline 0.026 -3"><span class='ocrx_word' id='word_1_148' title='bbox 106 1475 221 1529; x_wconf 85' lang='lat' dir='ltr'><strong>miseris.</strong></span> 
     </span>
     <span class='ocr_line' id='line_1_20' title="bbox 117 1549 958 1620; baseline 0.002 -18"><span class='ocrx_word' id='word_1_149' title='bbox 117 1592 131 1615; x_wconf 84' lang='grc'>,</span> <span class='ocrx_word' id='word_1_150' title='bbox 158 1551 193 1602; x_wconf 88' lang='lat' dir='ltr'><strong>V.</strong></span> <span class='ocrx_word' id='word_1_151' title='bbox 214 1557 253 1602; x_wconf 83' lang='lat'><strong>15.</strong></span> <span class='ocrx_word' id='word_1_152' title='bbox 272 1551 305 1602; x_wconf 91' lang='lat' dir='ltr'><strong>ln</strong></span> <span class='ocrx_word' id='word_1_153' title='bbox 317 1550 454 1618; x_wconf 85' lang='lat' dir='ltr'><strong>provincia</strong></span> <span class='ocrx_word' id='word_1_154' title='bbox 466 1565 530 1601; x_wconf 85' lang='lat' dir='ltr'><strong>vcro</strong></span> <span class='ocrx_word' id='word_1_155' title='bbox 542 1549 608 1616; x_wconf 85' lang='lat' dir='ltr'><strong>ipsa,</strong></span> <span class='ocrx_word' id='word_1_156' title='bbox 622 1549 739 1616; x_wconf 88' lang='lat' dir='ltr'><strong>siquem</strong></span> <span class='ocrx_word' id='word_1_157' title='bbox 755 1565 784 1602; x_wconf 84' lang='lat' dir='ltr'><strong>es</strong></span> <span class='ocrx_word' id='word_1_158' title='bbox 798 1553 896 1603; x_wconf 88' lang='lat' dir='ltr'><strong>nactus</strong></span> <span class='ocrx_word' id='word_1_159' title='bbox 909 1551 958 1620; x_wconf 91' lang='lat' dir='ltr'><strong>qui</strong></span> 
     </span>
     <span class='ocr_line' id='line_1_21' title="bbox 107 1624 958 1693; baseline 0.002 -15"><span class='ocrx_word' id='word_1_160' title='bbox 107 1629 134 1678; x_wconf 89' lang='grc' dir='ltr'><strong>ιιι</strong></span> <span class='ocrx_word' id='word_1_161' title='bbox 150 1630 226 1679; x_wconf 88' lang='lat' dir='ltr'><strong>tuam</strong></span> <span class='ocrx_word' id='word_1_162' title='bbox 243 1624 456 1679; x_wconf 80' lang='lat' dir='ltr'><strong>familiaritatem</strong></span> <span class='ocrx_word' id='word_1_163' title='bbox 472 1625 582 1693; x_wconf 86' lang='lat' dir='ltr'><strong>penitus</strong></span> <span class='ocrx_word' id='word_1_164' title='bbox 597 1624 716 1691; x_wconf 85' lang='lat' dir='ltr'><strong>intrarit,</strong></span> <span class='ocrx_word' id='word_1_165' title='bbox 732 1625 780 1693; x_wconf 89' lang='lat' dir='ltr'><strong>qni</strong></span> <span class='ocrx_word' id='word_1_166' title='bbox 797 1625 876 1685; x_wconf 84' lang='lat' dir='ltr'><strong>nobis</strong></span> <span class='ocrx_word' id='word_1_167' title='bbox 893 1631 958 1680; x_wconf 84' lang='lat' dir='ltr'><strong>ante</strong></span> 
     </span>
     <span class='ocr_line' id='line_1_22' title="bbox 107 1699 958 1769; baseline 0.002 -15"><span class='ocrx_word' id='word_1_168' title='bbox 107 1702 190 1755; x_wconf 88' lang='lat' dir='ltr'><strong>fuerit</strong></span> <span class='ocrx_word' id='word_1_169' title='bbox 206 1701 322 1769; x_wconf 81' lang='lat' dir='ltr'><strong>ignotus,</strong></span> <span class='ocrx_word' id='word_1_170' title='bbox 339 1701 401 1754; x_wconf 90' lang='lat' dir='ltr'><strong>huic</strong></span> <span class='ocrx_word' id='word_1_171' title='bbox 419 1704 551 1768; x_wconf 83' lang='lat' dir='ltr'><strong>quantum</strong></span> <span class='ocrx_word' id='word_1_172' title='bbox 568 1699 735 1753; x_wconf 89' lang='lat' dir='ltr'><strong>credendum</strong></span> <span class='ocrx_word' id='word_1_173' title='bbox 752 1701 790 1754; x_wconf 85' lang='lat' dir='ltr'><strong>sit</strong></span> <span class='ocrx_word' id='word_1_174' title='bbox 805 1701 886 1766; x_wconf 89' lang='lat' dir='ltr'><strong>vide;</strong></span> <span class='ocrx_word' id='word_1_175' title='bbox 903 1718 958 1756; x_wconf 89' lang='lat' dir='ltr'><strong>non</strong></span> 
     </span>
     <span class='ocr_line' id='line_1_23' title="bbox 108 1776 958 1846; baseline 0.002 -16"><span class='ocrx_word' id='word_1_176' title='bbox 108 1778 174 1846; x_wconf 91' lang='lat' dir='ltr'><strong>quin</strong></span> <span class='ocrx_word' id='word_1_177' title='bbox 187 1778 292 1846; x_wconf 86' lang='lat' dir='ltr'><strong>possint</strong></span> <span class='ocrx_word' id='word_1_178' title='bbox 306 1778 386 1831; x_wconf 89' lang='lat' dir='ltr'><strong>multi</strong></span> <span class='ocrx_word' id='word_1_179' title='bbox 402 1794 463 1831; x_wconf 91' lang='lat' dir='ltr'><strong>esse</strong></span> <span class='ocrx_word' id='word_1_180' title='bbox 478 1776 656 1846; x_wconf 79' lang='lat' dir='ltr'><strong>provinciales</strong></span> <span class='ocrx_word' id='word_1_181' title='bbox 673 1777 725 1830; x_wconf 89' lang='lat' dir='ltr'><strong>viri</strong></span> <span class='ocrx_word' id='word_1_182' title='bbox 741 1777 824 1843; x_wconf 89' lang='lat' dir='ltr'><strong>boni;</strong></span> <span class='ocrx_word' id='word_1_183' title='bbox 840 1778 890 1832; x_wconf 90' lang='lat' dir='ltr'><strong>sed</strong></span> <span class='ocrx_word' id='word_1_184' title='bbox 907 1777 958 1832; x_wconf 90' lang='lat' dir='ltr'><strong>hoc</strong></span> 
     </span>
     <span class='ocr_line' id='line_1_24' title="bbox 108 1852 958 1923; baseline 0.001 -16"><span class='ocrx_word' id='word_1_185' title='bbox 108 1871 217 1922; x_wconf 86' lang='lat' dir='ltr'><strong>sperare</strong></span> <span class='ocrx_word' id='word_1_186' title='bbox 237 1854 309 1922; x_wconf 85' lang='lat' dir='ltr'><strong>licet,</strong></span> <span class='ocrx_word' id='word_1_187' title='bbox 327 1852 455 1922; x_wconf 86' lang='lat' dir='ltr'><strong>judicare</strong></span> <span class='ocrx_word' id='word_1_188' title='bbox 475 1853 657 1923; x_wconf 89' lang='lat' dir='ltr'><strong>periculosum</strong></span> <span class='ocrx_word' id='word_1_189' title='bbox 681 1857 730 1908; x_wconf 86' lang='lat' dir='ltr'><strong>est.</strong></span> <span class='ocrx_word' id='word_1_190' title='bbox 766 1853 864 1907; x_wconf 89' lang='lat' dir='ltr'><strong>Multis</strong></span> <span class='ocrx_word' id='word_1_191' title='bbox 887 1855 958 1908; x_wconf 87' lang='lat' dir='ltr'><strong>enim</strong></span> 
     </span>
     <span class='ocr_line' id='line_1_25' title="bbox 109 1928 959 1998; baseline 0.002 -15"><span class='ocrx_word' id='word_1_192' title='bbox 109 1931 310 1984; x_wconf 87' lang='lat' dir='ltr'><strong>simulationum</strong></span> <span class='ocrx_word' id='word_1_193' title='bbox 323 1929 469 1984; x_wconf 89' lang='lat' dir='ltr'><strong>involucris</strong></span> <span class='ocrx_word' id='word_1_194' title='bbox 479 1931 584 1998; x_wconf 81' lang='lat' dir='ltr'><strong>tegitur</strong></span> <span class='ocrx_word' id='word_1_195' title='bbox 592 1933 621 1985; x_wconf 89' lang='lat' dir='ltr'><strong>ct</strong></span> <span class='ocrx_word' id='word_1_196' title='bbox 630 1930 708 1998; x_wconf 89' lang='lat' dir='ltr'><strong>qnasi</strong></span> <span class='ocrx_word' id='word_1_197' title='bbox 717 1928 785 1984; x_wconf 88' lang='lat' dir='ltr'><strong>velis</strong></span> <span class='ocrx_word' id='word_1_198' title='bbox 795 1929 959 1997; x_wconf 82' lang='lat' dir='ltr'><strong>quibusdam</strong></span> 
     </span>
     <span class='ocr_line' id='line_1_26' title="bbox 109 2005 960 2076; baseline 0.002 -18"><span class='ocrx_word' id='word_1_199' title='bbox 109 2005 268 2059; x_wconf 90' lang='lat' dir='ltr'><strong>obtenditur</strong></span> <span class='ocrx_word' id='word_1_200' title='bbox 284 2007 365 2060; x_wconf 88' lang='lat' dir='ltr'><strong>unius</strong></span> <span class='ocrx_word' id='word_1_201' title='bbox 383 2006 515 2076; x_wconf 89' lang='lat' dir='ltr'><strong>cujusque</strong></span> <span class='ocrx_word' id='word_1_202' title='bbox 532 2011 646 2061; x_wconf 88' lang='lat' dir='ltr'><strong>natura:</strong></span> <span class='ocrx_word' id='word_1_203' title='bbox 667 2006 748 2072; x_wconf 78' lang='lat' dir='ltr'><strong>irone,</strong></span> <span class='ocrx_word' id='word_1_204' title='bbox 770 2005 847 2072; x_wconf 86' lang='lat' dir='ltr'><strong>oculi,</strong></span> <span class='ocrx_word' id='word_1_205' title='bbox 868 2006 960 2060; x_wconf 86' lang='lat' dir='ltr'><strong>vultus</strong></span> 
     </span>
     <span class='ocr_line' id='line_1_27' title="bbox 109 2080 960 2150; baseline -0.002 -16"><span class='ocrx_word' id='word_1_206' title='bbox 109 2099 239 2150; x_wconf 82' lang='lat' dir='ltr'><strong>persaepe</strong></span> <span class='ocrx_word' id='word_1_207' title='bbox 257 2083 445 2147; x_wconf 87' lang='lat' dir='ltr'><strong>mentiuntur;</strong></span> <span class='ocrx_word' id='word_1_208' title='bbox 462 2083 549 2137; x_wconf 87' lang='lat' dir='ltr'><strong>oratio</strong></span> <span class='ocrx_word' id='word_1_209' title='bbox 568 2099 632 2136; x_wconf 89' lang='lat' dir='ltr'><strong>vero</strong></span> <span class='ocrx_word' id='word_1_210' title='bbox 653 2081 817 2149; x_wconf 87' lang='lat' dir='ltr'><strong>saepissime.</strong></span> <span class='ocrx_word' id='word_1_211' title='bbox 861 2080 960 2144; x_wconf 78' lang='lat' dir='ltr'><strong>Quam-</strong></span> 
     </span>
     <span class='ocr_line' id='line_1_28' title="bbox 59 2155 960 2228; baseline 0 -18"><span class='ocrx_word' id='word_1_212' title='bbox 59 2159 62 2163; x_wconf 80' lang='grc'><strong>’</strong></span> <span class='ocrx_word' id='word_1_213' title='bbox 110 2158 203 2213; x_wconf 90' lang='lat' dir='ltr'><strong>obrem</strong></span> <span class='ocrx_word' id='word_1_214' title='bbox 221 2159 268 2228; x_wconf 88' lang='lat' dir='ltr'><strong>qui</strong></span> <span class='ocrx_word' id='word_1_215' title='bbox 286 2164 364 2228; x_wconf 88' lang='lat' dir='ltr'><strong>potes</strong></span> <span class='ocrx_word' id='word_1_216' title='bbox 382 2159 504 2228; x_wconf 88' lang='lat' dir='ltr'><strong>reperire</strong></span> <span class='ocrx_word' id='word_1_217' title='bbox 522 2177 556 2213; x_wconf 89' lang='lat' dir='ltr'><strong>ex</strong></span> <span class='ocrx_word' id='word_1_218' title='bbox 575 2176 606 2212; x_wconf 91' lang='lat' dir='ltr'><strong>eo</strong></span> <span class='ocrx_word' id='word_1_219' title='bbox 624 2174 724 2226; x_wconf 86' lang='lat' dir='ltr'><strong>genere</strong></span> <span class='ocrx_word' id='word_1_220' title='bbox 744 2155 892 2223; x_wconf 77' lang='lat' dir='ltr'><strong>hominurn,</strong></span> <span class='ocrx_word' id='word_1_221' title='bbox 913 2158 960 2224; x_wconf 91' lang='lat' dir='ltr'><strong>qui</strong></span> 
     </span>
     <span class='ocr_line' id='line_1_29' title="bbox 110 2232 960 2304; baseline -0.002 -16"><span class='ocrx_word' id='word_1_222' title='bbox 110 2235 405 2304; x_wconf 87' lang='lat' dir='ltr'><strong>pecuniaecupiditate</strong></span> <span class='ocrx_word' id='word_1_223' title='bbox 423 2236 536 2288; x_wconf 88' lang='lat' dir='ltr'><strong>adducti</strong></span> <span class='ocrx_word' id='word_1_224' title='bbox 553 2237 663 2289; x_wconf 85' lang='lat' dir='ltr'><strong>careant</strong></span> <span class='ocrx_word' id='word_1_225' title='bbox 680 2233 713 2286; x_wconf 91' lang='lat' dir='ltr'><strong>iis</strong></span> <span class='ocrx_word' id='word_1_226' title='bbox 728 2232 812 2286; x_wconf 86' lang='lat' dir='ltr'><strong>rebus</strong></span> <span class='ocrx_word' id='word_1_227' title='bbox 828 2233 960 2301; x_wconf 88' lang='lat' dir='ltr'><strong>omnibus,</strong></span> 
     </span>
     <span class='ocr_line' id='line_1_30' title="bbox 110 2312 983 2385; baseline 0.002 -21"><span class='ocrx_word' id='word_1_228' title='bbox 110 2329 127 2364; x_wconf 86' lang='lat' dir='ltr'><strong>a</strong></span> <span class='ocrx_word' id='word_1_229' title='bbox 151 2312 249 2381; x_wconf 91' lang='lat' dir='ltr'><strong>quibus</strong></span> <span class='ocrx_word' id='word_1_230' title='bbox 273 2329 323 2366; x_wconf 89' lang='lat' dir='ltr'><strong>nos</strong></span> <span class='ocrx_word' id='word_1_231' title='bbox 349 2312 447 2365; x_wconf 88' lang='lat' dir='ltr'><strong>divulsi</strong></span> <span class='ocrx_word' id='word_1_232' title='bbox 473 2328 532 2364; x_wconf 87' lang='lat' dir='ltr'><strong>csso</strong></span> <span class='ocrx_word' id='word_1_233' title='bbox 558 2328 611 2365; x_wconf 91' lang='lat' dir='ltr'><strong>non</strong></span> <span class='ocrx_word' id='word_1_234' title='bbox 637 2325 787 2385; x_wconf 78' lang='lat' dir='ltr'><strong>possumus,</strong></span> <span class='ocrx_word' id='word_1_235' title='bbox 814 2312 844 2362; x_wconf 89' lang='lat' dir='ltr'><strong>to</strong></span> <span class='ocrx_word' id='word_1_236' title='bbox 869 2315 983 2377; x_wconf 86' lang='lat' dir='ltr'><strong>autem.</strong></span> 
     </span>
     <span class='ocr_line' id='line_1_31' title="bbox 111 2385 1035 2442; baseline -0.001 -4"><span class='ocrx_word' id='word_1_237' title='bbox 111 2387 228 2440; x_wconf 88' lang='lat' dir='ltr'><strong>alienum</strong></span> <span class='ocrx_word' id='word_1_238' title='bbox 240 2386 376 2442; x_wconf 88' lang='lat' dir='ltr'><strong>hominem</strong></span> <span class='ocrx_word' id='word_1_239' title='bbox 387 2391 481 2441; x_wconf 88' lang='lat' dir='ltr'><strong>ament</strong></span> <span class='ocrx_word' id='word_1_240' title='bbox 496 2404 530 2440; x_wconf 85' lang='lat' dir='ltr'><strong>ex</strong></span> <span class='ocrx_word' id='word_1_241' title='bbox 546 2388 636 2440; x_wconf 86' lang='lat' dir='ltr'><strong>animo</strong></span> <span class='ocrx_word' id='word_1_242' title='bbox 652 2402 684 2439; x_wconf 90' lang='lat' dir='ltr'><strong>ac</strong></span> <span class='ocrx_word' id='word_1_243' title='bbox 699 2401 752 2438; x_wconf 93' lang='lat' dir='ltr'><strong>non</strong></span> <span class='ocrx_word' id='word_1_244' title='bbox 769 2385 810 2439; x_wconf 90' lang='lat' dir='ltr'><strong>sui</strong></span> <span class='ocrx_word' id='word_1_245' title='bbox 827 2385 960 2439; x_wconf 89' lang='lat' dir='ltr'><strong>commodi</strong></span> <span class='ocrx_word' id='word_1_246' title='bbox 1032 2402 1035 2409; x_wconf 84' lang='grc'>’</span> 
     </span>
     <span class='ocr_line' id='line_1_32' title="bbox 112 2462 961 2530; baseline 0.001 -17"><span class='ocrx_word' id='word_1_247' title='bbox 112 2479 193 2514; x_wconf 87' lang='lat' dir='ltr'><strong>causa</strong></span> <span class='ocrx_word' id='word_1_248' title='bbox 214 2463 360 2517; x_wconf 77' lang='lat' dir='ltr'><strong>simulanti</strong></span> <span class='ocrx_word' id='word_1_249' title='bbox 405 2463 475 2516; x_wconf 91' lang='lat' dir='ltr'><strong>Mihi</strong></span> <span class='ocrx_word' id='word_1_250' title='bbox 496 2462 609 2530; x_wconf 89' lang='lat' dir='ltr'><strong>quidem</strong></span> <span class='ocrx_word' id='word_1_251' title='bbox 631 2479 810 2530; x_wconf 86' lang='lat' dir='ltr'><strong>permagnum</strong></span> <span class='ocrx_word' id='word_1_252' title='bbox 835 2462 961 2526; x_wconf 82' lang='lat' dir='ltr'><strong>videtnr3</strong></span> 
     </span>
     <span class='ocr_line' id='line_1_33' title="bbox 112 2536 963 2605; baseline 0 -17"><span class='ocrx_word' id='word_1_253' title='bbox 112 2537 273 2603; x_wconf 86' lang='lat' dir='ltr'><strong>praesertim</strong></span> <span class='ocrx_word' id='word_1_254' title='bbox 289 2537 312 2590; x_wconf 89' lang='lat' dir='ltr'><strong>si</strong></span> <span class='ocrx_word' id='word_1_255' title='bbox 328 2537 412 2591; x_wconf 91' lang='lat' dir='ltr'><strong>iidem</strong></span> <span class='ocrx_word' id='word_1_256' title='bbox 430 2537 553 2590; x_wconf 89' lang='lat' dir='ltr'><strong>homines</strong></span> <span class='ocrx_word' id='word_1_257' title='bbox 570 2538 707 2605; x_wconf 87' lang='lat' dir='ltr'><strong>privatum</strong></span> <span class='ocrx_word' id='word_1_258' title='bbox 724 2553 778 2590; x_wconf 90' lang='lat' dir='ltr'><strong>non</strong></span> <span class='ocrx_word' id='word_1_259' title='bbox 796 2536 854 2590; x_wconf 85' lang='lat' dir='ltr'><strong>fere</strong></span> <span class='ocrx_word' id='word_1_260' title='bbox 872 2552 963 2604; x_wconf 90' lang='lat' dir='ltr'><strong>qnem-</strong></span> 
     </span>
     <span class='ocr_line' id='line_1_34' title="bbox 113 2612 963 2680; baseline -0.002 -16"><span class='ocrx_word' id='word_1_261' title='bbox 113 2628 201 2678; x_wconf 80' lang='lat' dir='ltr'><strong>quam</strong></span> <span class='ocrx_word' id='word_1_262' title='bbox 213 2615 354 2677; x_wconf 84' lang='lat' dir='ltr'><strong>praetores</strong></span> <span class='ocrx_word' id='word_1_263' title='bbox 367 2628 474 2680; x_wconf 89' lang='lat' dir='ltr'><strong>sempor</strong></span> <span class='ocrx_word' id='word_1_264' title='bbox 491 2629 584 2665; x_wconf 88' lang='lat' dir='ltr'><strong>omnes</strong></span> <span class='ocrx_word' id='word_1_265' title='bbox 600 2615 699 2665; x_wconf 88' lang='lat' dir='ltr'><strong>amant.</strong></span> <span class='ocrx_word' id='word_1_266' title='bbox 735 2612 795 2675; x_wconf 78' lang='lat' dir='ltr'><strong>Quo</strong></span> <span class='ocrx_word' id='word_1_267' title='bbox 812 2627 846 2664; x_wconf 84' lang='lat' dir='ltr'><strong>ex</strong></span> <span class='ocrx_word' id='word_1_268' title='bbox 863 2626 963 2677; x_wconf 84' lang='lat' dir='ltr'><strong>genero</strong></span> 
     </span>
     <span class='ocr_line' id='line_1_35' title="bbox 113 2685 963 2754; baseline -0.002 -16"><span class='ocrx_word' id='word_1_269' title='bbox 113 2688 136 2739; x_wconf 80' lang='lat' dir='ltr'><strong>si</strong></span> <span class='ocrx_word' id='word_1_270' title='bbox 149 2702 230 2754; x_wconf 85' lang='lat' dir='ltr'><strong>quern</strong></span> <span class='ocrx_word' id='word_1_271' title='bbox 242 2686 313 2739; x_wconf 87' lang='lat' dir='ltr'><strong>forte</strong></span> <span class='ocrx_word' id='word_1_272' title='bbox 325 2687 367 2739; x_wconf 91' lang='lat' dir='ltr'><strong>tui</strong></span> <span class='ocrx_word' id='word_1_273' title='bbox 379 2687 501 2753; x_wconf 80' lang='lat' dir='ltr'><strong>cognosti</strong></span> <span class='ocrx_word' id='word_1_274' title='bbox 514 2688 701 2752; x_wconf 87' lang='lat' dir='ltr'><strong>amantiorem,</strong></span> <span class='ocrx_word' id='word_1_275' title='bbox 715 2685 774 2739; x_wconf 89' lang='lat' dir='ltr'><strong>fieri</strong></span> <span class='ocrx_word' id='word_1_276' title='bbox 784 2685 856 2737; x_wconf 90' lang='lat' dir='ltr'><strong>enim</strong></span> <span class='ocrx_word' id='word_1_277' title='bbox 865 2685 963 2752; x_wconf 84' lang='lat' dir='ltr'><strong>potuit,</strong></span> 
     </span>
     <span class='ocr_line' id='line_1_36' title="bbox 114 2760 964 2833; baseline -0.004 -16"><span class='ocrx_word' id='word_1_278' title='bbox 114 2781 196 2833; x_wconf 90' lang='lat' dir='ltr'><strong>quam</strong></span> <span class='ocrx_word' id='word_1_279' title='bbox 212 2763 350 2832; x_wconf 87' lang='lat' dir='ltr'><strong>temporis,</strong></span> <span class='ocrx_word' id='word_1_280' title='bbox 366 2762 438 2817; x_wconf 91' lang='lat' dir='ltr'><strong>hunc</strong></span> <span class='ocrx_word' id='word_1_281' title='bbox 454 2780 519 2817; x_wconf 90' lang='lat' dir='ltr'><strong>vero</strong></span> <span class='ocrx_word' id='word_1_282' title='bbox 536 2765 572 2816; x_wconf 89' lang='lat' dir='ltr'><strong>ad</strong></span> <span class='ocrx_word' id='word_1_283' title='bbox 589 2766 668 2816; x_wconf 87' lang='lat' dir='ltr'><strong>tuum</strong></span> <span class='ocrx_word' id='word_1_284' title='bbox 685 2773 829 2815; x_wconf 88' lang='lat' dir='ltr'><strong>numerum</strong></span> <span class='ocrx_word' id='word_1_285' title='bbox 847 2760 964 2814; x_wconf 86' lang='lat' dir='ltr'><strong>libenter</strong></span> 
     </span>
     <span class='ocr_line' id='line_1_37' title="bbox 114 2836 964 2907; baseline -0.002 -14"><span class='ocrx_word' id='word_1_286' title='bbox 114 2839 278 2895; x_wconf 80' lang='lat' dir='ltr'><strong>adscribito:</strong></span> <span class='ocrx_word' id='word_1_287' title='bbox 294 2840 337 2893; x_wconf 90' lang='lat' dir='ltr'><strong>sin</strong></span> <span class='ocrx_word' id='word_1_288' title='bbox 354 2843 402 2893; x_wconf 88' lang='lat' dir='ltr'><strong>aut</strong></span> <span class='ocrx_word' id='word_1_289' title='bbox 403 2856 446 2893; x_wconf 88' lang='lat' dir='ltr'><strong>em</strong></span> <span class='ocrx_word' id='word_1_290' title='bbox 464 2839 494 2892; x_wconf 92' lang='lat' dir='ltr'><strong>id</strong></span> <span class='ocrx_word' id='word_1_291' title='bbox 511 2855 565 2892; x_wconf 90' lang='lat' dir='ltr'><strong>non</strong></span> <span class='ocrx_word' id='word_1_292' title='bbox 582 2838 738 2907; x_wconf 87' lang='lat' dir='ltr'><strong>perspicies,</strong></span> <span class='ocrx_word' id='word_1_293' title='bbox 756 2836 861 2891; x_wconf 90' lang='lat' dir='ltr'><strong>nullum</strong></span> <span class='ocrx_word' id='word_1_294' title='bbox 879 2853 964 2904; x_wconf 85' lang='lat' dir='ltr'><strong>genus</strong></span> 
     </span>
     <span class='ocr_line' id='line_1_38' title="bbox 115 2914 966 2984; baseline -0.004 -14"><span class='ocrx_word' id='word_1_295' title='bbox 115 2917 193 2971; x_wconf 90' lang='lat' dir='ltr'><strong>erit</strong></span> <span class='ocrx_word' id='word_1_296' title='bbox 186 2935 215 2970; x_wconf 90' lang='grc' dir='ltr'><strong>ιιι</strong></span> <span class='ocrx_word' id='word_1_297' title='bbox 232 2917 418 2971; x_wconf 86' lang='lat' dir='ltr'><strong>familiaritate</strong></span> <span class='ocrx_word' id='word_1_298' title='bbox 436 2915 586 2970; x_wconf 87' lang='lat' dir='ltr'><strong>cavendum</strong></span> <span class='ocrx_word' id='word_1_299' title='bbox 610 2915 706 2982; x_wconf 82' lang='lat' dir='ltr'><strong>magis,</strong></span> <span class='ocrx_word' id='word_1_300' title='bbox 724 2917 871 2984; x_wconf 85' lang='lat' dir='ltr'><strong>propterea</strong></span> <span class='ocrx_word' id='word_1_301' title='bbox 891 2914 966 2983; x_wconf 89' lang='lat' dir='ltr'><strong>quod</strong></span> 
     </span>
     <span class='ocr_line' id='line_1_39' title="bbox 53 2970 966 3064; baseline 0.003 -21"><span class='ocrx_word' id='word_1_302' title='bbox 53 2970 64 3051; x_wconf 72' lang='lat' dir='ltr'><strong>l</strong></span> <span class='ocrx_word' id='word_1_303' title='bbox 107 2996 139 3043; x_wconf 80' lang='lat' dir='ltr'><strong>et</strong></span> <span class='ocrx_word' id='word_1_304' title='bbox 149 3010 246 3048; x_wconf 83' lang='lat' dir='ltr'><strong>omnes</strong></span> <span class='ocrx_word' id='word_1_305' title='bbox 259 2994 317 3048; x_wconf 85' lang='lat' dir='ltr'><strong>vias</strong></span> <span class='ocrx_word' id='word_1_306' title='bbox 325 2993 459 3064; x_wconf 87' lang='lat' dir='ltr'><strong>pecuniae</strong></span> <span class='ocrx_word' id='word_1_307' title='bbox 472 2995 573 3048; x_wconf 90' lang='lat' dir='ltr'><strong>norunt</strong></span> <span class='ocrx_word' id='word_1_308' title='bbox 589 2995 619 3047; x_wconf 89' lang='lat' dir='ltr'><strong>et</strong></span> <span class='ocrx_word' id='word_1_309' title='bbox 634 2992 724 3045; x_wconf 91' lang='lat' dir='ltr'><strong>omnia</strong></span> <span class='ocrx_word' id='word_1_310' title='bbox 739 2990 869 3060; x_wconf 89' lang='lat' dir='ltr'><strong>pecuniae</strong></span> <span class='ocrx_word' id='word_1_311' title='bbox 886 3008 966 3046; x_wconf 88' lang='lat' dir='ltr'><strong>causa</strong></span> 
     </span>
     <span class='ocr_line' id='line_1_40' title="bbox 90 3064 980 3140; baseline 0.006 -29"><span class='ocrx_word' id='word_1_312' title='bbox 90 3064 207 3132; x_wconf 68' lang='lat' dir='ltr'><strong>acient,</strong></span> <span class='ocrx_word' id='word_1_313' title='bbox 233 3073 266 3125; x_wconf 88' lang='lat' dir='ltr'><strong>et</strong></span> <span class='ocrx_word' id='word_1_314' title='bbox 281 3073 397 3140; x_wconf 82' lang='lat' dir='ltr'><strong>quicum</strong></span> <span class='ocrx_word' id='word_1_315' title='bbox 420 3071 523 3130; x_wconf 85' lang='lat' dir='ltr'><strong>victuri</strong></span> <span class='ocrx_word' id='word_1_316' title='bbox 539 3089 597 3127; x_wconf 92' lang='lat' dir='ltr'><strong>non</strong></span> <span class='ocrx_word' id='word_1_317' title='bbox 613 3072 689 3138; x_wconf 85' lang='lat' dir='ltr'><strong>sunt,</strong></span> <span class='ocrx_word' id='word_1_318' title='bbox 703 3068 766 3138; x_wconf 62' lang='lat' dir='ltr'><strong>eius</strong></span> <span class='ocrx_word' id='word_1_319' title='bbox 781 3067 980 3120; x_wconf 64' lang='lat' dir='ltr'><strong>existimationi</strong></span> 
     </span>
     <span class='ocr_line' id='line_1_41' title="bbox 80 3135 998 3221; baseline 0.004 -29.058"><span class='ocrx_word' id='word_1_320' title='bbox 80 3139 235 3198; x_wconf 74' lang='lat' dir='ltr'><strong>ocsmere</strong></span> <span class='ocrx_word' id='word_1_321' title='bbox 259 3162 319 3204; x_wconf 89' lang='lat' dir='ltr'><strong>non</strong></span> <span class='ocrx_word' id='word_1_322' title='bbox 345 3155 457 3210; x_wconf 74' lang='lat' dir='ltr'><strong>auant</strong></span> <span class='ocrx_word' id='word_1_323' title='bbox 517 3157 559 3209; x_wconf 92' lang='grc'><strong>16.</strong></span> <span class='ocrx_word' id='word_1_324' title='bbox 591 3150 694 3221; x_wconf 74' lang='lat' dir='ltr'><strong>Atque</strong></span> <span class='ocrx_word' id='word_1_325' title='bbox 720 3145 811 3202; x_wconf 72' lang='lat' dir='ltr'><strong>etiam</strong></span> <span class='ocrx_word' id='word_1_326' title='bbox 836 3157 854 3192; x_wconf 82' lang='lat' dir='ltr'><strong>e</strong></span> <span class='ocrx_word' id='word_1_327' title='bbox 880 3135 998 3186; x_wconf 61' lang='lat' dir='ltr'><strong>desem</strong></span> 
     </span>
    </p>
   </div>
   <div class='ocr_carea' id='block_1_2' title="bbox 0 0 1060 3404">
    <p class='ocr_par' dir='ltr' id='par_1_2' title="bbox 0 0 1060 3404">
     <span class='ocr_line' id='line_1_42' title="bbox 0 0 1060 3404; baseline 0 0"><span class='ocrx_word' id='word_1_328' title='bbox 0 0 1060 3404; x_wconf 95' lang='lat' dir='ltr'><strong> </strong></span> 
     </span>
    </p>
   </div>
  </div>
 </body>
</html>
