2084 3404
234 142 238 148 ’
281 137 539 194 sersronannu
556 130 660 193 trent
677 139 760 195 oue.
903 145 948 195 roc

97 239 168 284 nuuc
180 239 242 282 cum
257 225 291 279 iis
305 223 413 279 tantum
428 223 530 291 negotii
545 227 595 290 est,
613 223 644 276 ut
661 228 781 277 vestrum
796 224 865 278 illud
882 225 944 278 diri

18 354 20 357 ,
97 319 161 359 num
185 304 213 356 in
237 316 295 355 rem
318 300 455 370 publicam
480 298 642 354 beneficium
666 299 823 354 nonnullam
847 301 950 354 habeat

98 381 242 452 querelam.
280 377 358 442 Quod
381 392 444 430 vere
468 393 484 430 a
504 379 536 434 ¹te
555 376 614 430 viro
634 377 737 446 optime
759 377 887 430 seductus
906 382 949 431 est

77 512 83 521 ,
97 461 199 525 tuoque
212 453 344 508 beneficio
356 453 445 506 adhuc
456 453 524 508 risit
536 453 603 508 hacc
614 455 707 521 pestis,
720 452 864 518 interdum,
875 453 949 522 quod

97 533 163 586 inihi
175 532 221 586 rix
233 531 274 586 las
286 533 335 599 est,
349 527 400 597 tibi
413 527 571 585 subirascor.
608 525 676 584 Mihi
689 530 761 583 enim
770 530 872 598 negotii
888 531 949 599 plus
986 583 989 588 ,

98 609 231 679 reliquisti
243 604 290 662 uui
306 624 387 676 qsram
401 606 713 677 p1·aeter·uieornnibus.
749 604 789 660 Ut
805 606 875 661 enim
896 605 950 675 pri·

97 700 170 739 mum
200 689 263 756 pest
294 684 409 738 Antonii
439 684 625 737 foedissimum
657 684 806 738 discessum
837 689 948 736 senatus

98 759 191 816 haberi
216 759 301 815 libere
325 761 423 830 potuit,
444 760 479 812 ad
499 759 574 813 illuni
587 761 714 825 ‚animum
733 772 825 813 meum
846 757 948 812 reverti

98 836 249 905 pristinum,
264 854 344 906 quem
358 841 389 889 tu
402 850 463 889 cum
481 836 532 889 civi
551 837 681 889 acerrimo
697 839 778 905 patre
792 838 840 887 tuo
856 833 884 887 in
902 851 949 887 ore

32 979 35 984 Ι
97 918 126 966 et
142 929 235 967 umore
254 928 360 981 suuper
379 909 506 965 habuisti.
536 907 615 965 ‘Nam
633 927 717 982 quum
738 915 862 966 senatum
880 927 905 964 a.
922 911 949 971 d.

97 1000 157 1043 x111.
170 986 311 1042 Kalendas
326 987 473 1042 denuntias
487 985 590 1041 tribuni
600 986 673 1057 plebi
680 989 848 1042 vocavissent
858 987 948 1054 dequo

97 1063 196 1118 aliare
212 1062 355 1131 referrent,
372 1069 458 1118 totam
480 1077 538 1117 rem
559 1065 694 1131 publicam
713 1076 772 1117 sum
791 1063 948 1130 complexus

97 1138 195 1211 egique
207 1140 346 1206 acerrime,
363 1132 612 1206 senatumquc‘jam
625 1137 801 1206 languentem
814 1142 842 1190 ct
859 1137 948 1190 deles⁸

98 1228 157 1267 snm
165 1213 205 1266 ad
223 1214 366 1281 pristinam
383 1215 513 1267 virtutem
530 1213 808 1281 consuetudinemque
824 1211 946 1266 revocavi

97 1288 184 1356 magis
204 1288 285 1342 animi
307 1305 389 1357 quam
410 1289 515 1356 ingenii.
532 1287 642 1343 viribus
661 1310 663 1314 ⁴
679 1286 733 1342 Hic
752 1289 811 1342 dics
832 1303 946 1356 meaque
992 1298 994 1303 '

97 1364 234 1419 contentio
259 1367 342 1432 atquc
366 1365 436 1421 actio
460 1379 535 1431 spem
560 1364 678 1432 primum
701 1364 800 1433 popule
825 1364 946 1418 Romano

97 1438 191 1495 attulit
213 1441 350 1495 libertatis
371 1439 581 1508 recuperandae.
616 1439 642 1493 N
644 1456 676 1494 cc
692 1453 756 1495 vero
774 1437 833 1510 lpse
851 1446 946 1510 postea

97 1521 206 1586 tempus
228 1517 312 1569 ullum
333 1516 468 1570 intermisi
491 1517 526 1570 de
549 1533 580 1570 re
603 1517 711 1590 publica
733 1534 786 1570 non
810 1515 946 1585 cogitandi

98 1592 183 1646 solnm
196 1589 339 1646 sedetiam
351 1591 455 1660 agendi.
485 1593 564 1656 Quod
576 1594 628 1646 nisi
639 1610 684 1647 rcs
701 1592 817 1646 urbanas
832 1600 946 1660 actaque

98 1669 193 1724 omnia,
209 1665 245 1721 ad
269 1672 298 1722 te
325 1668 441 1736 perferri
470 1663 627 1736 arbitrarer,
655 1664 713 1735 ipsc
741 1667 943 1736 perscriberem,

98 1759 261 1812 quamquam
286 1759 360 1797 cram
384 1743 509 1796 maximis
537 1742 758 1810 occupationibus
786 1741 941 1810 impeditus.

99 1820 153 1872 Sed
164 1817 211 1872 illa
220 1835 363 1886 cognosces
376 1834 409 1870 ex
422 1817 482 1870 aliis
489 1835 496 1876 ;
509 1833 525 1870 a
537 1831 580 1870 me
589 1833 682 1884 pauca,
695 1822 723 1870 et
735 1834 767 1870 ea
782 1819 944 1872 summatim.

98 1892 238 1947 llabemus
255 1894 354 1946 fortem
371 1897 495 1946 senatum
505 1893 682 1955 ;‚consnlares
707 1892 809 1961 partim
826 1893 942 1957 timidos,

97 1969 198 2038 partim
211 1968 282 2022 mole
295 1968 452 2022 sentientes.
487 1965 618 2036 Magnum
635 1969 765 2022 damnum
781 1969 884 2035 faetiun
902 1973 944 2022 est

97 2043 126 2098 in
138 2044 239 2099 Servio.
270 2045 300 2098 Ia
309 2045 410 2099 Caesar
425 2043 528 2112 optimc
540 2040 703 2099 sentitrscd
712 2046 786 2113 qued
797 2045 944 2098 avunculus

98 2125 140 2174 est
159 2135 212 2174 non
230 2121 375 2174 acerrimas
395 2119 463 2173 dicit
482 2121 638 2173 sententias.
674 2120 803 2175 Cereales
827 2121 943 2187 egregii:

96 2196 251 2264 praeclarus
261 2196 294 2249 D.
304 2196 421 2249 Brutus:
437 2195 562 2262 egregius
570 2211 638 2263 puer
646 2196 752 2262 Caesar,
761 2197 795 2248 de
805 2212 859 2262 quo
867 2212 945 2264 spero

59 2290 62 2295 ·
97 2271 225 2339 equidem
253 2269 370 2339 reliqua*
401 2271 462 2323 Hoc
488 2286 553 2323 vero
576 2274 683 2324 certum
701 2270 808 2337 habeto,
828 2270 879 2322 nisi
899 2270 944 2324 ille

97 2351 239 2399 veteranos
263 2346 389 2399 celeriter
407 2345 611 2414 conscripsisset
626 2346 801 2414 legionesque
820 2345 892 2398 duae
910 2347 945 2399 de

97 2420 354 2476 exercitu·Autonii
373 2419 409 2473 ad
428 2421 489 2488 ejus
507 2437 537 2473 se
557 2422 747 2474 auctoritatem
767 2421 945 2476 contulissent

96 2502 180 2566 atque
192 2497 217 2551 is
228 2496 369 2565 oppositus
381 2500 454 2550 esset
468 2500 558 2550 terror
571 2497 699 2565 Antonia
711 2498 778 2550 nihil
795 2498 944 2550 Antonium

97 2574 213 2639 sceleris,
234 2572 301 2629 nihil
324 2571 501 2641 crudelitatis
515 2573 730 2641 praeteriturum
744 2575 834 2628 fuisse.
868 2575 944 2627 Hace

96 2650 148 2704 tibi
159 2650 213 2704 etsi
224 2648 319 2702 audita
331 2664 391 2702 esse
404 2649 564 2716 arbitrabar,
572 2649 643 2703 volui
656 2653 748 2704 tamen
759 2652 865 2704 notiora
877 2666 945 2702 csse.

96 2724 180 2780 Plura
192 2725 316 2794 scribam,
329 2725 352 2778 si
363 2724 424 2793 plus
437 2725 487 2781 otii
498 2724 625 2779 habuero.

113 2844 151 2896 17.
182 2846 220 2895 M.
239 2845 366 2894 CICERO
384 2845 412 2903 S.
428 2846 462 2896 D.
480 2844 512 2894 D.
532 2843 743 2906 BRUTQIMP.
762 2842 832 2891 COS.
851 2841 925 2890 Dus.

328 2974 332 2980 ,
368 2933 414 2997 (xi.
428 2935 461 3000 8X
486 2945 553 2993 mu.
567 2931 670 2993 allii

787 3018 866 3085 Qum
881 3012 994 3057 eausam

778 3104 849 3141 unu
855 3071 994 3126 *griffi*

805 3135 994 3214 XWQQ‘SW

91 3036 133 3092 llo
150 3041 276 3109 tempore
296 3039 384 3105 Polla
400 3043 460 3105 tua
468 3038 557 3113 misit
568 3041 616 3095 ut
625 3034 670 3088 ad
680 3012 719 3082 ts
734 3027 768 3077 ἐκ

86 3114 185 3171 dorem
202 3117 367 3193 literarum,
381 3136 482 3192 quum
498 3115 581 3188 auid
592 3109 764 3167 sermome

81 3188 186 3249 Omnia
215 3197 297 3255 enim
325 3203 418 3258 erant
446 3207 602 3267 suspensa
626 3181 759 3254 prepter
788 3178 809 3209 e
