2084 3404
108 128 139 176 68
448 121 622 170 EPISTOLA

104 205 232 259 nedorno
245 200 355 270 quidem
375 205 405 255 et
426 201 547 257 cubierlo
568 219 629 256 esse
650 202 786 258 exclusam
808 208 856 259 tuo
867 227 874 272 ;
892 209 959 263 ‚toto

105 278 249 348 denique['
269 275 403 346 ]imperio
413 279 480 331 nihil
488 279 620 332 acerbum
633 296 699 348 esse,
711 280 779 334 nihil
787 282 905 348 crudele,
918 289 958 339 at

105 372 160 423 que
168 354 258 408 omnia
270 353 351 421 plena
363 353 531 420 clementiae,
543 356 765 425 mansuetudinis,
772 357 956 419 humanitatis.

152 430 214 484 ‘IX.
234 434 274 483 26.
300 428 438 492 Quantum
458 446 523 483 vero
542 429 609 482 illud
626 436 669 484 est
688 431 849 487 beneficium
868 437 957 502 tuum,

104 507 178 574 quod
191 505 295 573 iniquo
321 507 350 556 et
372 505 448 572 gravi
470 506 597 573 vectigali
622 507 745 561 aedilicio
765 525 827 561 cum
850 511 957 576 magnis

106 582 205 635 uostris
227 579 410 634 simultatibus
431 580 525 651 Asiam
542 581 672 635 liberasti.
719 583 828 636 Etenim
848 585 871 638 si
887 603 957 638 unus

104 658 184 710 homo
196 656 293 711 nobilis
310 655 435 722 queritur
454 657 543 724 palam
563 661 592 710 te
612 653 685 725 quod
708 658 835 725 edixeris,
856 675 894 713 ms
918 678 957 714 an

104 749 191 786 nonos
204 745 343 785 rucuman
357 745 609 799 nnonnunnnurun,
623 733 681 787 Hs
695 748 726 787 ce
746 734 798 787 sibi
816 728 966 803 eripuisse,

104 812 207 876 quanta
222 807 333 861 tandem
346 807 460 874 pecunia
476 807 693 875 penderetur,-si
710 810 829 863 amnium
849 813 957 866 nonriuc

103 884 267 953 quicumque
293 882 395 936 Itomae
419 882 498 936 ludos
517 884 639 938 facerent
663 884 737 952 quod
757 889 817 939 erat
832 885 892 953 jam
916 889 957 941 in-

103 961 230 1013 stitutum
254 961 432 1026 erogareturl
470 960 640 1029 Quamquam
659 959 707 1012 has
724 961 849 1029 querelas
870 962 963 1017 homi--

103 1054 167 1089 num
180 1038 335 1088 nostrorum
351 1035 397 1088 illo
414 1035 525 1089 consilio
540 1036 731 1104 oppressimus,
750 1036 824 1104 quod
842 1037 870 1090 in
888 1040 956 1093 Asia

102 1113 192 1166 nescio
205 1127 323 1180 quonam
336 1112 415 1164 modo
430 1111 532 1165 Romae
550 1112 660 1179 quidem
676 1129 730 1164 non
746 1111 877 1166 mediocri
893 1131 956 1168 cum

102 1189 283 1242 admiratione
294 1187 430 1254 laudatur,
449 1187 641 1256 quod-quum
658 1188 694 1240 ad
711 1188 844 1256 templum
863 1207 957 1245 monu-

103 1269 281 1334 mentumque
305 1268 428 1318 nostrum
455 1264 580 1317 civitates
609 1264 738 1331 pecunias
762 1264 955 1337 decrevissent,

102 1358 241 1410 quumque
258 1340 287 1392 id
309 1343 337 1392 et
356 1356 406 1407 pro
426 1339 493 1392 meis
518 1340 622 1406 magnis
646 1340 752 1394 meritis
774 1343 803 1402 et
826 1357 876 1410 pro
900 1343 956 1397 tuis
986 1337 990 1343 ’

102 1417 227 1469 maximis
239 1415 378 1468 beneficiis
391 1430 495 1466 summa
506 1430 554 1467 sua
566 1415 706 1467 voluntate
718 1416 853 1483 fecissent,
871 1419 955 1471 nomi-

102 1493 241 1558 natimque
254 1490 299 1542 lex
309 1488 448 1556 exciperet
468 1504 504 1542 ur
523 1504 561 1542 an
581 1505 718 1543 sensnum
741 1507 955 1546 monumentum·

102 1565 181 1636 [eun]
194 1580 303 1620 carana
322 1579 446 1629 aronam,
466 1581 605 1632 quumque
625 1565 654 1617 id
673 1568 747 1634 quod
768 1568 885 1621 dabatur
901 1585 956 1622 non

103 1646 175 1695 esset
194 1641 376 1706 interiturum,
397 1640 493 1694 sedin
514 1641 681 1695 ornamentis
700 1643 796 1712 templi
825 1644 954 1712 futurum,

102 1721 134 1772 ut
162 1721 226 1771 non¹
243 1716 310 1770 mihi
329 1716 422 1785 potius
450 1733 531 1784 quam
559 1717 659 1785 populo
684 1718 806 1773 Romano
832 1737 864 1773 ac
894 1719 956 1773 Diis

102 1793 302 1848 immortalibus
322 1793 417 1846 datum
438 1793 707 1847 videretur-tamen
731 1794 761 1847 id
779 1795 807 1848 in
826 1812 879 1865 quo
896 1798 956 1850 crat

103 1872 230 1938 dignitas,
251 1873 311 1923 erat
332 1868 383 1933 lex,
405 1872 465 1922 erat
485 1886 578 1923 eorum
600 1870 647 1937 qui
664 1870 955 1938 faciebantvoluntas,

103 1947 288 2015 accipiendum
301 1962 354 1998 non
366 1945 467 2012 putavi,
478 1962 561 2013 quum
575 1945 635 1998 aliis
648 1946 683 1999 de
696 1947 783 2000 causis
795 1950 855 1999 tum
873 1947 955 2000 etiam

102 2026 134 2076 ut
146 2023 237 2075 animo
248 2022 377 2089 aequiore
396 2021 500 2074 ferrent
518 2020 537 2072 ii
558 2021 656 2088 quibus
672 2037 722 2075 nec
741 2021 891 2074 deberetur
906 2039 956 2076 nec

104 2099 204 2153 liceret.
240 2100 281 2154 27.
301 2097 474 2166 Quapropter
492 2095 617 2154 incumbe
632 2099 691 2149 toto
709 2095 799 2148 animo
815 2099 844 2148 et
864 2097 955 2149 studio

103 2175 177 2227 omni
188 2175 216 2227 in
233 2190 293 2227 eam
309 2174 442 2227 rationem
463 2189 517 2241 qua
534 2171 624 2225 adhuc
638 2187 754 2238 musas,
771 2173 803 2224 ut
821 2188 867 2224 cos
887 2189 955 2240 quos

104 2254 167 2304 tuae
191 2250 255 2304 fidei
280 2249 464 2318 potestatique
489 2248 605 2302 Senatus
625 2249 795 2317 populusque
818 2247 955 2302 Romanus

105 2327 240 2380 commisit
252 2330 281 2380 et
296 2325 415 2380 credidit
431 2324 537 2392 diligas,
551 2328 581 2378 et
597 2325 668 2378 omni
688 2325 793 2378 ratione
812 2328 908 2379 tueare
924 2331 955 2378 ut

104 2418 255 2470 essequam
268 2401 523 2456 beatissimosvelis.
562 2401 640 2466 Quod
654 2402 676 2454 si
693 2405 722 2455 te
742 2417 800 2455 sors
815 2401 891 2455 Afris
907 2405 955 2454 aut

106 2476 235 2543 Hispanis
247 2480 295 2529 aut
308 2476 392 2529 Gallis
404 2477 587 2544 praefecisset,
603 2477 767 2531 immanibus
784 2493 815 2531 ae
831 2477 954 2530 barbaris

104 2551 266 2617 nationibus,
294 2556 386 2604 tamen
416 2556 488 2605 osset
516 2552 693 2606 humanitatis
711 2556 787 2606 tuae
816 2552 954 2605 consulere

105 2643 197 2680 eorum
216 2626 364 2678 commodis
383 2630 412 2679 et
431 2627 545 2680 utilitati
565 2628 700 2696 salutique
720 2628 829 2681 serviro.
865 2626 954 2690 Quum

105 2719 168 2756 vero
185 2701 211 2755 ei
228 2701 322 2768 generi
341 2702 480 2755 hominum
501 2703 659 2770 praesimus,
679 2719 732 2757 non
753 2702 835 2755 modo
855 2702 954 2769 inquo

105 2779 165 2848 ipsa
183 2777 219 2831 sit
237 2776 386 2832 sedetiam
407 2795 424 2831 a
448 2795 501 2847 quo
523 2778 559 2831 ad
578 2778 644 2832 alios
662 2778 819 2847 pervenisse
842 2781 955 2846 putetur

106 2854 264 2920 humanitas,
276 2857 350 2909 certe
366 2854 399 2908 iis
416 2871 475 2908 eam
493 2854 664 2922 potissimum
683 2853 805 2906 tribuere
823 2853 842 2908 d
878 2870 954 2907 emus

103 2931 230 2997 aquibus
242 2931 401 3000 accepimus.
437 2937 477 2984 28.
496 2931 557 2984 Non
569 2931 642 2984 enim
657 2947 701 2984 me
720 2929 771 2982 boc
784 2928 844 2997 jam
863 2929 954 2982 dicere

80 3005 215 3083 pudebit,
228 3009 399 3074 praesertim
410 3009 438 3064 in
453 3027 485 3065 ea
500 3008 558 3063 vita
573 3011 658 3077 atque
672 3007 703 3060 in
718 3005 755 3059 iis
767 3005 852 3058 rebus
871 3004 955 3070 gestis

68 3087 103 3121 ιιι
115 3079 224 3137 quibus
236 3099 293 3138 non
305 3091 407 3156 potest
421 3089 550 3146 residere
568 3086 693 3142 inertiae
709 3085 761 3138 aut
770 3079 900 3134 lenitatis
912 3077 975 3127 niblo

46 3148 193 3214 -lericr'a
221 3173 277 3215 nos
304 3180 343 3221 ea
368 3182 449 3238 quae
473 3164 630 3227 consecuti
649 3177 752 3222 sumus
770 3158 810 3211 iis
831 3150 938 3210 stiffi*
959 3148 992 3201 ‘eb
