2084 3404
301 141 353 189 AD
371 138 544 198 QUINTUM
562 138 742 186 FRATREM.
920 140 954 192 ⁶7¹

98 220 262 290 optimarum
285 220 386 274 artium
410 217 508 271 studiis
532 217 642 285 cruditi,
665 218 703 270 sic
721 234 751 270 sa
771 214 902 272 adhibere
922 219 952 274 in

97 299 176 350 tanta
193 295 332 366 potestate
350 297 382 348 ut
399 293 473 346 nulla
490 293 543 346 alia
559 297 682 361 potestas
702 293 737 346 ab
757 293 790 345 iis
811 293 909 360 quibus
928 295 951 349 is

97 373 202 440 praesit
214 371 399 425 desideretur.

149 453 241 505 VIII.⁴
253 457 295 506 23.
315 452 401 520 Cyrus
412 451 458 504 ille
470 468 487 504 a
499 451 681 518 Xenophonte
697 467 752 504 non
768 450 804 504 ad
819 450 951 505 historiae

97 529 180 582 fidem
192 528 310 595 scriptus
322 527 371 581 sed
383 527 419 580 ad
432 527 548 594 effigiem
553 526 624 594 justi
637 526 752 594 imperii,
760 526 837 594 cujus
848 543 952 580 summa

97 604 217 671 gravitas
229 597 318 656 abillo
335 602 494 671 philosopho
514 599 723 670 cum'siugulari
744 602 873 656 comitate
892 619 952 655 con-

94 679 332 748 jungitur,-quos
344 678 456 747 quidem
469 676 553 731 libros
562 695 615 731 non
628 678 687 732 sine
699 694 780 732 causa
794 681 889 732 noster
905 678 952 732 illa

99 755 245 808 Africanus
265 754 300 808 de
319 755 442 808 manibus
462 771 563 822 ponere
584 770 637 807 non
656 754 767 822 solebat,
786 753 890 807 nullum
910 758 953 808 est

98 832 170 884 enim
182 831 405 900 praetermissum
424 831 499 883 iniis
518 830 634 883 officium
650 830 789 898 diligentis
810 833 840 884 et
859 831 952 884 mode-

98 907 152 959 rati
163 907 392 976 imperii÷eaque
401 907 424 960 si
437 908 475 960 sic
487 905 572 960 coluit
583 905 629 959 illc
641 907 688 974 qui
700 907 824 977 privatus
842 906 952 960 futurus

97 975 244 1051 nu‘mq'uam
256 984 316 1050 mit,
330 999 447 1051 quonam
460 982 541 1036 modo
554 982 698 1035 retinenda
717 984 780 1034 sunt
798 981 832 1034 iis
853 981 952 1049 quibus

97 1058 242 1126 imperium
253 1059 293 1113 ita
304 1059 400 1111 datum
412 1061 455 1111 est
466 1061 499 1111 ut
514 1056 671 1123 redderent,
691 1059 720 1122 et
739 1056 774 1109 ab
793 1056 827 1108 iis
846 1056 952 1124 legibus

99 1133 194 1186 datum
217 1137 260 1187 est
283 1133 319 1186 ad
332 1141 417 1200 ¹quas
433 1132 628 1186 revertendum
653 1133 716 1186 estl
758 1133 861 1185 aare
884 1132 952 1184 mihi

100 1208 211 1276 quidem
220 1207 348 1262 videntur
359 1207 412 1260 huc
421 1207 511 1260 omnia
522 1223 581 1260 esse
593 1205 740 1283 referenda¹
752 1206 787 1258 iis
807 1206 855 1274 qui
873 1224 951 1275 prae-

99 1283 241 1350 sunt'aliis,
260 1287 293 1337 ut
308 1282 328 1336 ii
348 1283 395 1351 qui
417 1286 498 1336 erunt
516 1282 648 1335 incorum
665 1281 781 1349 imperio
801 1283 855 1334 siut
870 1299 951 1351 quam

99 1358 265 1414 beatissimi:
291 1359 366 1429 quod
401 1359 494 1413 tibist
518 1375 578 1413 esse
606 1357 953 1427 antiquissimum,fiet.ab

98 1436 176 1488 initio
187 1436 271 1489 fuisse
282 1439 314 1489 ut
326 1436 444 1503 primum
458 1435 554 1488 Asiam
573 1434 698 1502 attigisti,
709 1431 857 1488 'constante
878 1434 951 1488 fama

98 1515 193 1579 atque'
206 1512 325 1564 omnium
341 1517 478 1564 'sermone
503 1509 670 1564 celebratum
694 1513 744 1564 est.
784 1510 835 1564 Est
859 1514 955 1563 autem·

99 1603 151 1640 non
169 1587 251 1641 modo
270 1586 330 1655 ejus
350 1586 397 1656 qui
421 1586 499 1640 sociis
523 1589 552 1639 et
575 1585 685 1652 civibus,
710 1585 760 1639 sed
784 1586 866 1640 etiam
891 1586 950 1654 ejus

99 1663 146 1730 qui
158 1664 249 1730 servis,
267 1663 314 1732 qui
333 1663 416 1716 mutis
432 1661 583 1730 pecudibus
603 1662 711 1730 praesit,
733 1666 829 1715 comm
852 1662 950 1730 quibus

99 1739 202 1804 praesit
220 1739 369 1811 commodis
388 1738 556 1807 utilitatique
576 1738 684 1792 servire.
721 1744 761 1791 25.
784 1738 870 1806 Cujus
890 1739 950 1806 qui·

100 1813 164 1866 dem
175 1815 282 1882 generis
294 1818 418 1868 constare
429 1814 502 1867 inter
513 1830 607 1867 omues
619 1814 697 1866 video
710 1813 759 1866 abs
771 1817 801 1867 te
818 1821 950 1866 summam

100 1889 224 1942 adhiberi
241 1884 428 1958 diligentiam:
444 1890 548 1943 nullum
565 1907 611 1943 aes
630 1886 754 1943 alienum
766 1905 865 1943 novum
881 1891 950 1943 'con-

101 1965 173 2017 trahi
185 1965 355 2020 civitatibus:
368 1970 461 2020 vetere
477 1969 569 2019 autem
588 1982 685 2033 magno
705 1970 734 2019 et
752 1964 829 2034 gravi
851 1965 950 2019 multas

100 2040 149 2094 abs
161 2045 261 2096 te'esse
273 2042 419 2113 liberatas:
431 2042 514 2096 urbes
526 2043 677 2109 complures
694 2041 800 2094 dirutas
817 2059 847 2095 ac
863 2059 950 2109 paene

100 2116 230 2184 desertas,
247 2118 387 2188 inquibus
403 2135 484 2172 uuam
503 2119 596 2171 Ioniae
613 2117 813 2184 nobilissimam,
835 2117 950 2171 alteram

101 2192 205 2260 Cariae,
217 2194 328 2248 Samum
341 2198 370 2247 et
383 2194 611 2260 Halicarnassum,
624 2210 674 2261 per
686 2197 715 2246 te
728 2211 787 2247 esse
799 2196 949 2247 recreatas:

1 2314 3 2320 ,
100 2268 187 2320 nullas
213 2286 272 2323 esse
289 2270 328 2322 in
356 2268 463 2337 oppidis
489 2268 644 2334 seditiones,
669 2269 756 2322 nullas
781 2267 949 2324 discordias:

100 2342 237 2410 provideri
267 2344 316 2397 abs
347 2347 376 2397 te
409 2347 441 2396 ut
473 2343 598 2397 civitates
629 2343 801 2410 optimatium
833 2344 950 2398 consiliis

101 2417 342 2473 administrentur:
355 2418 463 2472 sublata
475 2417 579 2486 Mysiae
595 2418 753 2472 latrocinia:
769 2419 866 2473 caedes
884 2421 950 2474 mul-

101 2493 138 2545 tis
158 2491 223 2546 locis
239 2503 390 2561 repressas:
407 2490 499 2562 pacem
518 2497 577 2548 tota
597 2494 734 2562 provincia
758 2495 949 2550 constitutam:

100 2585 191 2637 neque
210 2569 295 2622 solum
316 2570 364 2623 illa
381 2571 509 2624 itinerum
530 2573 613 2639 atquo
634 2587 768 2639 agrorum,
791 2571 841 2625 sed
864 2573 950 2626 multo

100 2645 183 2697 ctiam
195 2645 274 2712 plura
285 2649 314 2699 et
332 2645 437 2714 majora
453 2645 624 2714 oppidorum,
634 2650 663 2700 et
682 2648 805 2701 fanorum
824 2648 898 2700 furta
922 2652 950 2702 et

99 2719 242 2774 latrocinia
253 2738 312 2775 esse
332 2720 461 2790 depulsa:
480 2725 614 2776 remotam
625 2740 642 2776 a
653 2723 776 2778 fama'et
794 2741 810 2776 a
834 2725 950 2777 fortunis

100 2799 130 2847 ct
151 2796 187 2849 ab
203 2798 258 2850 otio
276 2796 452 2866 locupletium
473 2797 547 2851 illam
572 2799 773 2853 acerbissimam
797 2799 950 2852 ministram

99 2876 257 2938 praetorum
281 2873 411 2927 avaritiae
436 2875 609 2929 calumniam:
640 2880 764 2943 sumptus
789 2878 818 2927 et
845 2874 950 2930 tributa

100 2948 241 3002 civitatum
253 2948 288 3001 ab
300 2950 422 3003 omnibus
435 2951 482 3018 qui
495 2967 589 3003 aarum
599 2951 747 3003 ciuitatum
753 2951 830 3000 busa
834 2951 968 2996 tusum

100 3023 209 3076 tolerari
221 3023 420 3094 aequabiliter:
430 3026 579 3082 facillimos
591 3043 656 3079 essa
666 3025 769 3077 aditus
773 3016 1008 3120 ubtu‘WZf—{Q

90 3113 172 3151 aures
184 3102 247 3157 tuas
259 3105 388 3174 querelis
403 3106 555 3162 omnium:
571 3102 689 3158 nimius
702 3089 969 3210 ’κωῖῺῇζῶ
1005 3126 1008 3133 ·

82 3170 178 3230 dinem
196 3193 254 3235 nun
273 3182 365 3242 modo
384 3185 437 3243 illo
454 3181 601 3258 populari
612 3187 744 3232 accessu
757 3178 800 3218 ⁹0⁰³
