2084 3404
327 125 494 176 nannius.
529 100 676 176 aaa1x'.
695 125 731 177 x.
925 130 955 176 :a

102 225 200 264 causae
219 208 350 278 diligendi
367 209 514 279 profectae.
556 216 597 265 31.
615 210 656 264 Ut
672 210 744 264 enim
758 209 873 266 benefici
888 210 954 265 libe

103 287 229 354 ralesque
247 303 339 340 sumus
358 289 462 339 nonut
481 286 621 353 exigamus
637 286 762 355 gratiam,
774 286 954 355 nequeenim
1006 315 1010 324 ·

103 360 264 415 beneficium
276 363 439 428 feneramur,
452 361 503 415 sed
511 364 610 414 natura
618 361 749 429 propensi
760 362 797 414 ad
809 362 955 417 liberalita

103 441 160 490 tem
173 454 279 503 sumus;
292 437 331 490 sie
343 438 489 491 amicitiam
500 453 554 490 non
566 454 614 506 spe
626 437 760 491 mercedis
772 438 892 506 adducti,
905 439 955 493 sed

103 513 271 580 quodomnis
281 512 341 581 ejus
353 514 459 567 fructus
469 514 498 566 in
509 515 568 581 ipso
580 530 671 566 amore
682 513 762 580 inest,
772 515 954 581 expetendam
1028 528 1030 534 ·

102 593 237 655 putamus.
248 609 251 614 ·
267 592 314 642 32:
322 589 390 642 Atii
400 589 446 656 qui
458 589 593 657 pecudum
605 589 661 642 ritu
673 588 710 642 ad
720 588 889 658 voluptatem
898 606 955 642 om·

103 664 148 716 nia
159 664 282 717 referunt
294 665 374 732 longe
394 665 574 719 dissentiunt:
596 681 646 718 nec
658 665 764 718 mirum.
793 665 870 718 Nihil
882 667 954 719 enim

103 739 196 804 altum
215 739 281 793 nihil
301 741 473 808 magnificum
490 756 522 794 ac
539 740 661 794 divinum
680 741 817 811 suspicere
831 745 954 810 possunt,

103 816 151 883 qui
161 831 223 869 suas
232 832 325 870 omnes
334 817 510 884 cogitationes
517 815 677 884 abjecerrmt
687 817 715 869 in
726 833 785 870 rem
796 821 854 872 tam
869 817 956 872 humi-

103 890 157 944 lem
168 895 280 961 tamque
295 895 487 961 contemptam.
523 891 706 957 Quamobrem
723 892 773 947 hos
787 893 900 962 quidem
919 894 954 947 ab

103 967 153 1021 hoc
171 984 295 1021 sermone
313 985 513 1023 removeamus:
532 968 585 1037 ipsi
604 973 696 1023 autem
713 969 898 1038 intelligamus
910 985 956 1022 na-

102 1046 165 1097 tura
176 1044 251 1111 gigni
265 1060 374 1096 sensum
388 1043 519 1112 diligendi
541 1048 570 1098 et
588 1044 794 1099 benevolentiae
811 1046 955 1099 caritatem

102 1118 176 1170 faeta
193 1119 390 1185 significatione
406 1119 569 1186 probitatis3
593 1137 674 1188 quam
693 1121 741 1187 qui
762 1121 954 1189 appetiverunt

103 1193 241 1261 applicant
253 1210 312 1246 sese
325 1198 353 1247 et
364 1194 477 1261 propius
488 1194 635 1248 admovent
647 1199 679 1248 ut
692 1199 722 1248 et
733 1211 785 1247 usu
797 1194 857 1262 ejus
873 1213 955 1264 quem

104 1268 218 1336 diligere
230 1272 381 1336 coeperunt
391 1268 517 1321 fruantur
527 1272 555 1322 et
567 1270 696 1334 moribus,
707 1270 817 1339 sintque
830 1287 910 1338 pares
926 1272 954 1324 in

103 1359 195 1397 amore
207 1347 236 1398 et
248 1344 382 1413 aequales,
394 1344 640 1413 propensioresque
657 1345 693 1398 ad
708 1344 780 1400 boue
795 1347 953 1400 merendum

103 1437 184 1489 quam
202 1421 238 1474 ad
255 1420 461 1490 reposcendum.
497 1424 592 1488 Atque
610 1419 678 1475 haec
697 1420 834 1476 intereos
855 1422 888 1475 fit
907 1421 955 1475 he

102 1501 180 1550 uesta
200 1497 322 1552 certatio.
362 1497 407 1551 Sic
425 1499 454 1551 et
473 1497 607 1551 utilitates
624 1514 658 1551 ex
681 1497 800 1553 amicitia
820 1497 955 1553 maximae

102 1573 249 1641 capientur,
269 1577 298 1628 et
317 1574 371 1629 erIt
390 1573 450 1642 ejus
469 1577 546 1628 ortus
566 1578 697 1628 enatura
714 1593 798 1644 quam
814 1575 849 1630 ab
870 1575 954 1630 imbe-

88 1649 214 1703 ¹eillitate
226 1653 255 1704 et
270 1651 379 1718 gravior
390 1653 420 1705 et
431 1651 529 1705 verior.
565 1651 637 1704 Nam
654 1651 678 1705 si
696 1653 802 1706 utilitas
821 1652 954 1706 amicitias

101 1725 308 1792 conglutinaret,
320 1726 417 1780 eadem
429 1730 596 1782 commutata
611 1729 780 1783 dissolveret.
815 1728 871 1782 Sed
890 1730 954 1796 quia

100 1803 200 1854 natura
210 1801 311 1855 mutari
322 1819 377 1855 non
384 1804 488 1871 potest,
499 1803 601 1858 idcireo
613 1821 694 1858 verae
706 1804 842 1858 amicitiae
856 1805 954 1871 sempi-

98 1879 278 1931 ternaesunt.
303 1877 401 1932 Ortum
411 1879 520 1946 quidem
529 1880 663 1934 amicitiae
671 1880 834 1947 videtis‚nisi
844 1879 953 1948 q'uidad

101 1951 168 2006 haec
179 1952 250 2007 forte
258 1952 349 2008 mltis.
384 1954 471 2008 Fauu.
491 1956 531 2008 Tu
542 1973 607 2010 vero
615 1973 706 2025 perge,
718 1954 801 2009 Laeli.
838 1955 891 2009 Pro
902 1954 954 2009 hoc

101 2028 173 2082 cuim
186 2030 233 2098 qui
241 2030 330 2084 minor
339 2034 382 2085 est
390 2035 457 2085 natu
466 2031 599 2100 meojure
607 2030 764 2100 respondeo.
796 2036 838 2086 33.
855 2032 953 2085 Sosus.

102 2105 189 2159 Recte
201 2109 233 2161 tu
245 2107 363 2175 quidem.
380 2125 385 2131 ’
401 2107 582 2172 Quamobrem
591 2106 740 2160 audiamus.
840 2130 845 2140 Δ

154 2181 187 2234 X.
208 2183 292 2237 Lanu.
310 2182 415 2237 Audite
423 2199 496 2250 ergo,
505 2182 601 2251 optimi
610 2182 668 2249 viri,
676 2199 709 2236 ea
718 2197 788 2250 quae
797 2180 954 2250 saepissime

102 2255 230 2310 interme
242 2261 271 2311 et
283 2258 435 2326 Scipionem
447 2258 483 2310 de
496 2257 615 2311 amicitia
626 2257 831 2311 disserebantur
842 2276 850 2323 ς
861 2273 954 2324 quam-

102 2348 185 2399 quam
190 2332 237 2384 ille
244 2331 358 2399 quidem
364 2333 431 2386 nihil
439 2330 574 2385 difficilius
582 2348 642 2386 esse
649 2331 760 2403 dicebat
770 2348 850 2401 quam
862 2333 953 2386 amiei-

102 2408 169 2459 tiam
177 2407 468 2475 usqueadextremum
476 2409 549 2462 vitae
557 2407 630 2461 diem
638 2424 806 2477 permanere.
831 2409 901 2463 Nam
909 2403 953 2463 vel

101 2487 134 2536 ut
145 2498 198 2536 non
210 2483 284 2536 idem
292 2483 435 2553 expediret
441 2482 561 2537 incidere
569 2499 657 2552 saepe,
667 2484 709 2537 vol
717 2487 749 2539 ut
759 2484 795 2538 de
804 2488 834 2539 re
845 2484 953 2554 publica

102 2575 156 2612 uon
165 2558 238 2613 idem
248 2559 411 2614 sentiretur:
423 2559 523 2614 mutari
533 2559 616 2613 etiam
624 2561 713 2614 inores
722 2561 860 2614 hominum
870 2577 953 2629 saepe

101 2634 218 2698 dicebat,
232 2635 299 2690 alias
310 2635 432 2689 adversis
443 2635 533 2703 rebus,
551 2636 618 2690 alias
632 2640 724 2691 aetate
740 2638 955 2706 ingravescente.

103 2707 198 2779 Atque
210 2727 304 2764 earum
315 2728 407 2764 rerum
419 2711 575 2780 exemplum
587 2729 621 2766 ex
634 2713 811 2767 similitudine
826 2728 859 2767 ea
872 2718 889 2783 j

47 2801 48 2805 ¹
101 2787 220 2840 ineuntis
244 2787 350 2852 aetatis,
370 2787 444 2854 quod
461 2788 560 2843 summi
578 2805 724 2858 puerorum
742 2802 851 2842 amores

102 2879 156 2915 una
168 2879 229 2916 cum
241 2866 385 2932 praetexta
396 2868 461 2932 toga
475 2868 656 2933 ponerentur:
693 2870 733 2919 34.
749 2864 790 2916 sin

102 2938 315 2993 adolescentiam
342 2938 543 3008 perduxissent,
567 2940 662 2994 dirimi
686 2942 788 2992 tamea

95 3013 274 3069 'contentione‘
284 3014 327 3070 vel
338 3015 454 3072 uxoriae
463 3013 703 3082 mnditiouauel
710 3003 862 3062 commo&

95 3090 169 3156 quod
187 3091 266 3148 idem
284 3094 408 3167 adipisci
426 3100 558 3168 uterque
574 3107 639 3148 uon
655 3083 776 3155 ww·
805 3064 909 3131 m

78 3163 198 3236 :longius
211 3167 671 3249 inamicitiaproreeuesseut,
678 3163 796 3213 'mm
825 3200 844 3225 ι
