2084 3404
75 123 121 170 108
257 138 265 153 ·
294 127 332 178 M.
350 126 480 176 TULLII
495 126 684 176 CICERONIS
819 88 825 99 ¹

74 214 156 278 enim,
181 210 249 265 mibi
272 209 362 277 erede,
386 208 489 263 virtute
512 208 664 277 formosius,
689 209 756 263 nihil
780 211 947 279 pulchrius.

75 289 142 342 nihil
167 286 332 341 arrrabilius«
354 286 468 353 Semper
490 285 586 351 amavi,
611 290 643 340 ut
664 287 723 354 scie,
743 285 781 339 M.
801 287 927 354 Brutum,

75 366 189 431 propter
212 361 272 430 ejus
296 373 431 415 summum
456 361 603 428 ingenium,
628 362 802 416 suasissimos
822 379 927 430 mores,

76 439 252 506 singularem·
273 437 440 506 probitatem
471 441 555 505 atque
591 438 793 511 constantiam„
827 439 927 495 'lamen

77 515 148 569 Idib.
169 515 277 568 Martiis
298 517 406 583 tantpm
427 513 542 566 accessit
562 514 599 567 ad
619 531 740 568 anserem
761 519 792 570 ιιι
814 516 929 569 mirarer

75 591 163 644 locum
176 591 260 644 inisse
272 588 390 657 augendi
402 589 431 642 in
442 605 475 643 eo
488 590 562 658 quod
574 589 640 643 mihi
656 590 823 660 jampridem
837 609 927 645 cumu-

75 667 161 720 latum
182 668 265 720 etiam
283 664 445 721 videbatur*
473 664 539 729 Quis
552 669 612 719 erat
624 667 670 734 qui
683 665 803 735 putaret
811 668 847 720 ad
866 685 927 720 eum

75 759 194 795 amorem
207 758 289 810 quem
301 757 367 809 erga
378 744 408 794 te
419 739 554 795 habebam
566 759 646 810 pesse
658 743 763 811 aliquid
779 743 928 798 accederet

76 819 192 871 'lantum
212 817 327 870 accessit
345 821 377 870 ut
400 817 466 870 mihi
486 834 557 871 nunc
576 817 695 887 denique
716 835 808 872 amare
827 819 928 882 videar,

74 898 155 947 antea
167 893 302 947 dilexisse.
339 892 430 957 Quare
443 893 566 961 quidest
583 895 657 962 quod
674 911 725 962 ego
742 898 770 948 te
787 895 882 949 horter
896 900 929 949 ut

74 970 203 1037 dignitati
216 974 244 1023 et
256 970 359 1038 gloriae
372 969 494 1023 servias?
510 985 660 1037 proponam
677 970 729 1024 tibi
745 970 832 1024 claros
848 970 928 1036 viros,

74 1047 149 1114 quod
173 1046 263 1113 faeere
287 1046 376 1099 solent
400 1045 447 1112 qui
470 1044 635 1099 hortanturl
672 1047 816 1101 Neminem
840 1046 929 1100 habco

74 1124 216 1176 clariorem
234 1138 316 1191 quam
332 1127 361 1176 tc
377 1121 474 1190 ipsum.
491 1117 493 1120 ’
511 1121 548 1175 'le
565 1122 673 1176 imitere
690 1126 816 1192 oportet:
837 1126 928 1176 tecum

74 1201 133 1268 ipse
157 1203 254 1253 certos.
292 1199 334 1252 Nc
358 1198 423 1251 lieet
447 1197 558 1265 quidem
582 1197 634 1252 tibi
654 1198 714 1267 jam
737 1198 828 1253 tantis
846 1198 929 1253 rebus

74 1276 160 1342 gestis
173 1292 227 1328 non
239 1276 281 1329 tui
294 1274 411 1327 similem
424 1290 491 1326 esse.
531 1275 610 1340 Quod
622 1286 707 1345 quum
719 1275 759 1328 ita
777 1275 821 1343 sit,
837 1275 929 1328 horta-

75 1351 114 1404 tio
127 1369 179 1404 non
192 1355 235 1405 est
248 1351 413 1414 neeessaria;
429 1351 614 1418 gratulatione
627 1347 713 1418 magis
728 1351 862 1406 utendum
877 1355 928 1404 est.

75 1427 200 1493 Contigit
210 1427 283 1480 enim
295 1426 354 1491 tibi,
368 1425 442 1494 quod
454 1425 528 1478 haud
541 1426 595 1478 seio
606 1443 641 1478 an
655 1426 768 1493 nemini,
778 1429 811 1479 ut
822 1442 928 1481 sumnia

74 1502 212 1565 severitas
225 1500 465 1554 animadversionis
482 1517 535 1552 uon
552 1501 634 1554 modo
653 1517 707 1553 non
725 1501 859 1575 inuidiosa
877 1502 928 1556 sed
996 1522 999 1528 ·

73 1577 157 1630 etiam
181 1576 328 1645 popularis
343 1578 424 1641 esset,
449 1579 477 1629 et
502 1592 586 1643 quum
610 1575 688 1628 bonis
712 1577 926 1652 omnibus'tum

73 1653 166 1705 infimo
182 1652 281 1720 cuique
295 1651 460 1719 gratissima.
498 1651 559 1704 Hoc
576 1650 599 1704 si
615 1651 666 1705 tibi
683 1653 792 1706 fortuna
807 1653 927 1723 quadam

73 1728 240 1794 contigisset,
252 1727 406 1796 gratularer
418 1726 543 1781 felicitati
554 1731 636 1782 tuae:
654 1729 704 1782 sed
719 1730 835 1797 contigit
852 1747 927 1798 mag-

73 1804 198 1858 nitudine
210 1821 295 1872 quum
313 1803 473 1877 animitum
490 1803 574 1857 etiam
591 1802 694 1872 ingenii
711 1808 795 1874 atque
813 1806 926 1859 consilii.

74 1880 142 1947 Legi
154 1881 226 1933 enim
242 1880 395 1951 contionem
413 1882 496 1932 tuam.
533 1879 609 1933 Nihil
624 1880 671 1933 illa
686 1881 845 1950 sapientius.
881 1881 928 1937 lta

73 1956 244 2025 pedetentim
262 1959 297 2009 et·
307 1955 443 2023 gradatim
462 1958 522 2009 tum
540 1972 664 2010 accessus
683 1974 700 2010 a
717 1961 746 2011 to
765 1950 801 2011 ad
818 1974 927 2012 causam

73 2032 146 2097 facti,
168 2035 227 2084 tum
252 2048 382 2097 recessus
399 2034 431 2084 ut
450 2048 495 2084 res
512 2032 572 2100 ipsa
595 2026 784 2087 maturitatem
803 2032 855 2087 tibi
873 2035 928 2086 ani-

73 2107 265 2161 madvertendi
284 2107 404 2160 omnium
421 2123 550 2161 concessu
563 2107 649 2162 daret.
687 2108 823 2180 liberasti
840 2109 927 2177 igitur

73 2188 103 2237 ct
119 2184 215 2237 urbem
231 2183 352 2252 periculo
369 2186 397 2236 et
413 2183 552 2236 civitatem
570 2188 661 2248 metim
681 2200 770 2252 nequo
787 2185 874 2239 solum
891 2185 928 2240 ad

73 2262 181 2328 tempus
205 2260 350 2312 maximam
375 2258 525 2313 utilitatem
554 2259 673 2314 attulisti
701 2260 752 2313 sod
780 2260 863 2316 etiam
891 2261 928 2316 ad
953 2301 958 2311 .

73 2337 237 2404 exernplum.
274 2337 334 2401 Quo
351 2336 425 2390 facto
440 2335 596 2403 intelligere
615 2335 700 2390 dobes
715 2336 743 2389 ιιι
763 2341 792 2391 te
810 2337 927 2406 positam

73 2428 133 2465 esse
145 2429 204 2465 rem
216 2412 360 2480 publicam,
373 2411 480 2480 tibique
493 2429 546 2466 non
559 2412 641 2466 modo
650 2413 776 2481 tuendos,
786 2412 835 2466 sed
845 2414 927 2468 otiam

73 2488 208 2540 ornandos
230 2505 289 2541 esse
310 2489 370 2540 illos
390 2489 470 2555 viros,
495 2505 511 2541 a
536 2487 635 2557 quibus
659 2489 767 2541 initium
791 2489 928 2544 libertatis

73 2563 223 2632 profectum
242 2567 291 2616 est.
329 2563 383 2616 Sed
401 2562 444 2617 his
464 2564 500 2620 do
519 2564 603 2617 rebus
623 2580 713 2621 coram
731 2565 811 2635 plura
830 2580 927 2633 prope-

73 2640 296 2706 diem,utsporo,
334 2639 515 2706 Tuquoniam
528 2640 736 2708 rempublicam
747 2655 851 2708 nosque
866 2655 927 2693 coa·
990 2628 1002 2649 ⁰

74 2733 172 2781 servas,
191 2715 232 2769 iac
255 2717 288 2766 ut
312 2713 521 2781 diligentissime
544 2720 574 2769 to
597 2716 694 2784 ipsum,
718 2715 756 2768 mi
778 2712 927 2782 Dolabella,

74 2790 223 2847 custodias,

271 2914 311 2959 16.
350 2909 477 2958 OIOERO
493 2908 676 2957 TREBONIO
694 2911 719 2958 S.

335 3002 373 3065 (x.
389 3005 429 3054 28.
469 3000 655 3066 auelli.)

12 3060 122 3205 &5233
138 3094 246 3182 ''PHQ
270 3104 310 3158 ad
331 3107 400 3166 illas
422 3111 644 3184 pulcherrimas
664 3107 766 3181 epulas
783 3119 835 3159 me
848 3099 967 3194 idibus·

148 3176 345 3241 mmmm!
373 3192 582 3267 reliquiarum
602 3189 682 3249 nibil
700 3185 893 3245 baberzmus.
932 3172 973 3227 bt
