2084 3404
301 127 351 176 AD
370 127 545 186 enimcum
564 125 745 176 FRATREM.
912 90 950 182 -ιι

94 215 184 267 animo
195 215 276 282 parte
289 209 381 277 aliqua
393 224 503 261 suorum
521 206 658 260 fructuum
670 224 765 275 pacem
782 209 834 262 sibi
853 211 953 280 sempl-

95 293 203 342 tornam
214 285 333 338 redimat
346 288 430 351 atque
443 282 536 335 otium.
560 314 562 319 .
854 327 857 331 .

130 363 198 416 XII.
216 368 256 415 35,
284 359 363 424 Quod
385 359 407 412 si
431 375 516 426 genus
536 358 625 426 ipsum
645 362 681 412 et·
695 376 793 413 nomen
813 361 952 428 publicani

94 455 148 492 non
167 438 260 504 iniquo
280 435 369 487 animo
390 434 571 500 sustinebunt,
592 437 724 502 poterunt
742 434 777 487 iis
793 437 903 489 consilio
925 441 954 491 et
993 502 997 507 .

94 514 242 582 prudentia
274 516 323 565 tua
352 510 458 577 reliqua
488 510 576 563 videri
609 511 725 564 mitiora
775 510 895 565 Possunt
926 513 955 566 in

94 589 265 656 pactionibus
276 585 407 639 faciendis
418 601 472 638 non
488 585 586 653 legem
597 590 720 654 spectare
739 587 890 639 censoriam
906 589 955 640 sed

96 666 186 731 potius
199 661 419 715 commoditatem
432 661 592 714 conficiendi
603 661 706 729 negotii
720 665 749 715 et
762 660 955 717 liberationem

95 739 243 792 molestiae.
280 736 363 790 Potes
384 736 466 789 etiam
488 740 520 790 tu
541 737 571 789 id
597 737 687 791 facere
710 739 786 806 quod
812 742 841 792 et
865 740 955 792 iecisti

96 815 205 882 egregio
218 817 246 866 et
257 813 330 879 facis,
344 816 376 865 ut
389 828 582 866 commemores
593 817 697 882 quanta
710 813 747 866 sit
759 813 788 866 in
801 815 956 884 publicanis

97 891 224 958 dignitas,
238 892 370 957 quantum
382 905 432 941 nos
449 888 489 940 illi
510 889 599 941 ordini
621 889 776 957 debeamus,
797 894 830 944 ut
849 896 954 945 remoto

96 966 210 1034 imperio
234 981 265 1017 ac
289 963 315 1016 vi
340 964 489 1032 potestatis
514 968 543 1018 et
567 965 679 1018 fascium
709 964 867 1033 publicanos
893 984 954 1031 cum

97 1041 207 1094 Graccis
219 1041 308 1107 gratia
321 1046 404 1108 atque
422 1040 586 1093 auctoritate
606 1040 762 1108 conjungas.
784 1082 786 1086 .
800 1041 855 1093 Sed
874 1046 903 1095 et
919 1042 954 1095 ab

98 1117 129 1170 iis
140 1116 175 1169 de
188 1116 286 1183 quibus
299 1115 402 1183 optime
414 1119 447 1168 tu
460 1116 574 1169 meritus
586 1133 616 1169 es
629 1118 658 1169 et
670 1117 718 1184 qui
730 1116 782 1168 tibi
799 1117 888 1169 omnia
906 1117 953 1170 de-

99 1192 165 1244 bent
176 1191 227 1243 hoc
238 1193 324 1258 petas,
338 1193 370 1242 ut
381 1189 513 1243 facilitate
527 1207 636 1244 suanos
650 1207 710 1244 eam
723 1190 953 1245 necessitudinem

98 1269 227 1335 quaeest
247 1265 326 1318 nobis
346 1281 408 1335 epm
429 1264 580 1333 publicanis
600 1266 723 1319 obtinere
745 1270 774 1320 et
796 1268 954 1322 conservare
988 1303 990 1308 ·

97 1343 244 1410 patiantur.
280 1347 320 1396 36.
339 1340 395 1394 Sed
414 1341 481 1410 quid
498 1358 550 1409 ego
566 1345 596 1396 te
615 1343 682 1396 haec
704 1341 806 1410 hortor,
830 1343 900 1412 quae
923 1349 953 1398 tu

96 1435 151 1473 non
163 1418 244 1472 modo
253 1419 343 1471 facere
352 1421 431 1486 potes
440 1421 489 1471 tua
508 1422 604 1486 sponte
624 1419 681 1472 sine
699 1417 859 1487 cujusquam
876 1435 952 1488 prae·

97 1495 190 1563 ceptis,
204 1493 348 1548 sedetiam
366 1510 464 1561 magna
476 1493 536 1561 jam
550 1511 584 1547 ex
600 1497 680 1563 parte
697 1494 856 1564 perfecisti?
872 1540 874 1544 Α
892 1495 953 1549 Non

32 1635 40 1647 „
97 1571 168 1623 enim
188 1570 326 1623 desistunt
347 1568 424 1624 nobis
444 1587 526 1638 agere
548 1570 671 1638 quotidie
691 1570 796 1639 gratias
820 1571 953 1625 honestis-

97 1647 180 1699 simae
192 1650 220 1699 ct
233 1647 366 1699 maximae
377 1646 531 1713 societates,
544 1646 619 1714 quod
640 1646 753 1716 quidem
766 1647 832 1699 mihi
852 1647 954 1700 ideireo

94 1721 240 1788 jucundius
260 1725 310 1790 est,
327 1722 402 1790 quod
416 1722 489 1775 idem
505 1722 608 1778 faciunt
626 1723 729 1776 Graeci.
777 1721 892 1776 Difficile
911 1728 954 1778 est
1035 1741 1037 1744 ⁴

96 1801 230 1850 automea
242 1814 312 1865 quae
324 1797 480 1864 commodis,
499 1797 620 1852 utilitate
637 1801 666 1851 ct
688 1814 774 1867 prope
796 1802 894 1851 natura
914 1798 954 1850 di·
1030 1853 1036 1862 ,

96 1889 175 1925 versa
187 1876 258 1940 sunt,
270 1872 411 1926 voluntate
427 1873 598 1940 conjungere.
635 1876 679 1944 At¹
696 1890 729 1927 ea
746 1873 866 1942 quidem,
883 1890 954 1941 quae

97 1966 178 2017 supra
190 1948 291 2016 scripta
300 1952 370 2013 sunt,
384 1966 437 2002 non
449 1952 481 2002 ut
498 1953 526 2002 te
543 1949 719 2003 instituerem
741 1948 843 2018 scripsi,
864 1966 955 2017 neque

97 2025 168 2078 enim
179 2024 327 2092 prudentia
335 2028 384 2077 tua
395 2025 557 2093 cujusquam
577 2028 724 2094 praecepta
740 2025 893 2091 desiderat,
905 2023 954 2078 sed

97 2117 139 2152 me
152 2100 179 2153 in
192 2100 333 2157 scribendo
346 2101 566 2154 commemoratio
585 2105 649 2155 tuae
667 2100 778 2154 virtutis
790 2100 953 2153 delectavit:

97 2193 261 2244 quamquam
270 2177 297 2228 in
309 2176 351 2228 his
362 2176 464 2229 litteris
475 2176 580 2243 longior
591 2177 631 2229 fui
643 2193 725 2244 quam
737 2179 785 2229 aut
797 2175 895 2228 vellem
906 2179 956 2228 aut

97 2251 417 2319 quam-meputavifore.
709 2275 712 2278 ⁴
751 2280 753 2287 ι

132 2325 217 2377 ΧΙΙΙ.
244 2329 285 2380 37.
307 2325 399 2378 Unum
421 2324 556 2391 estquod
578 2324 630 2377 tibi
650 2341 699 2391 ego
724 2324 880 2392 praecipere
900 2342 953 2378 non

98 2402 226 2467 desinam,
239 2416 327 2468 neque
338 2404 367 2453 te
379 2401 474 2468 patiar,
487 2405 620 2468 quantum
638 2401 692 2454 crit
710 2400 738 2452 in
755 2417 806 2466 me,
827 2417 888 2454 cum
909 2417 955 2453 ex-

99 2478 221 2546 ceptione
233 2476 345 2529 laudari.
384 2475 484 2530 Omnes
497 2476 568 2530 enim
581 2477 627 2544 qui
640 2476 721 2530 istinc
734 2477 854 2545 veniunt,
868 2477 907 2530 ita
920 2478 956 2531 do

99 2559 146 2608 tua
157 2555 267 2620 virtute,
279 2553 444 2620 integritate,
458 2553 627 2608 humanitate
641 2557 862 2621 commemorant,
879 2559 910 2608 ut
927 2555 956 2606 in

99 2631 153 2683 tuis
165 2630 277 2683 summis
287 2629 414 2683 laudibus
423 2630 559 2698 excipiant
570 2646 651 2684 unam
662 2630 839 2685 iracundiam.
877 2632 956 2694 Quod

99 2706 195 2758 vitium
219 2722 303 2773 quum
326 2706 355 2759 in
378 2707 428 2760 hac
451 2707 558 2774 privata
579 2707 794 2776 quotidianaque
814 2709 870 2758 vita
889 2706 956 2758 levis

100 2797 158 2833 csse
169 2782 251 2834 animi
264 2785 347 2850 atque
359 2783 459 2835 infirmi
469 2783 585 2852 videtur,
600 2788 659 2837 tum
672 2800 737 2836 vcro
754 2782 821 2835 nihil
838 2785 880 2834 est
899 2784 955 2832 tam

101 2856 221 2910 deforme
240 2859 369 2926 quamad
386 2875 520 2912 summum
542 2860 687 2928 imperium
713 2859 796 2912 etiam
825 2856 956 2909 acerbita-

100 2937 157 2985 tem
169 2937 282 2986 naturae
293 2934 450 3002 adjungere.
488 2936 578 2999 Quare
595 2935 664 2988 illud
679 2953 737 2986 non
756 2933 978 3003 suasissem,

103 3025 172 3076 quae
187 3008 222 3062 de
240 3009 381 3064 iracundia
400 3010 456 3066 diei
476 3012 569 3067 solent
583 3029 603 3064 a
625 2993 1005 3061 doctissimxsnoniffixxes

95 3100 127 3135 ea
138 3101 210 3138 nunc
223 3085 275 3140 tibi
287 3105 438 3160 exponam,
451 3108 546 3161 quum
556 3092 590 3142 et
603 3084 699 3140 nimis
706 3080 829 3164 bow*
840 3065 1039 3170 2³³1?

87 3162 117 3211 et
128 3174 164 3212 ex
176 3161 337 3222 multorum
350 3168 472 3240 scriptis
486 3163 625 3223 caiaeilo
635 3165 743 3226 possis
753 3142 909 3204 eosmm
1012 3163 1019 3172 ·
