2084 3404
99 123 130 173 ri
331 118 368 168 M.
386 118 512 168 TULLII
530 113 720 166 CICERONIS

98 200 239 271 proprium
251 201 400 254 senectutis
411 200 508 253 vitium
526 203 576 266 cst,
594 198 643 252 sed
656 213 798 252 commune
812 192 947 253 valetudi-

99 278 148 331 nis.
183 276 271 342 Quam
289 275 342 329 suit
361 275 513 328 imbecillus
533 275 561 328 P.
575 272 698 328 Africani
715 273 794 342 iilius,
812 273 837 327 is
853 272 899 342 qui
917 275 948 327 te

98 348 255 423 adoptavitl
286 368 368 420 quam
392 351 466 405 tenui
493 352 542 404 aut
563 349 638 402 nulla
661 349 752 418 potius
775 348 946 403 valetudine!

99 426 182 492 Quod
192 427 221 482 ni
231 427 273 483 aa
283 426 387 494 fuisset,
400 427 517 480 alterum
529 421 598 478 illud
610 425 760 480 exstitisset
777 425 869 479 lumen
884 425 947 478 civi-

100 504 181 570 tatis3
198 502 236 558 sd
246 507 389 572 paternam
401 501 473 555 enim
491 500 707 569 magnitudinem
724 500 812 555 animi·
824 499 948 555 doctrina

100 578 211 633 uberior
231 581 391 633 accesserat.
427 576 500 642 Quid
518 578 618 630 mirum
637 577 723 645 igitur
742 576 770 631 in
790 575 907 644 senibus,
925 576 947 629 si

100 655 201 724 infirmi
213 657 277 707 sunt
288 653 441 721 aliquando,
453 668 538 720 quum
549 652 579 705 id
592 669 626 706 nc
637 653 825 708 adolescentes
836 652 947 721 quidem

100 731 220 797 effugere
231 729 352 797 possintl
389 728 590 795 Resistendum,
604 726 680 783 Laeli
696 732 725 782 et
742 729 839 797 Scipio,
855 744 947 782 senec·

101 806 157 858 tuti
180 807 231 869 est,
256 803 371 873 ejusque
394 803 461 857 vitia
483 802 626 871 diligentia
648 805 848 872 compensanda
870 807 946 858 sunt:

101 879 278 948 pugnandum
291 883 431 948 tamquam
447 882 543 932 contra
558 879 682 932 morbum
696 879 733 931 sic
746 881 840 932 contra
857 896 948 933 senec-

102 959 198 1009 tutem.
234 960 276 1010 36.
297 954 433 1008 Habenda
444 954 515 1007 ratio
527 953 705 1018 valetudinis3
726 953 860 1007 utendum
873 971 949 1009 exer·

102 1027 280 1084 citationibus
297 1029 425 1093 modicis;
442 1032 549 1084 tantum
568 1028 620 1083 cibi
639 1032 668 1083 et
683 1029 801 1098 potionis
819 1028 948 1084 adhiben-

102 1107 169 1161 dum
186 1110 219 1162 ut
235 1107 394 1162 reficiantur
411 1107 490 1174 vires
508 1123 562 1159 non
581 1105 778 1175 opprimantur.
797 1123 799 1128 ’
813 1106 839 1159 Ν
841 1123 872 1160 ec
883 1123 948 1160 vero

102 1185 210 1253 corpori
228 1183 278 1238 soli
297 1183 513 1238 subveniendum
532 1185 582 1250 est,
600 1183 650 1237 sed
666 1182 752 1237 menti
764 1186 848 1252 atque
858 1182 949 1237 animo

103 1260 190 1314 multo
207 1261 310 1330 magis3
328 1276 391 1314 num
409 1260 476 1313 haec
493 1276 609 1328 quoque,
627 1259 679 1312 nisi
696 1263 837 1328 tamqu
854 1258 950 1327 lumini

103 1336 193 1389 oleum
216 1336 337 1401 instilles‚
361 1336 574 1402 exstingnuntur
593 1338 741 1388 senectute.
778 1334 815 1386 Et
837 1348 949 1401 corpom

103 1411 216 1477 quidem
237 1410 432 1463 exercitatione
451 1411 656 1476 ingravescunt:
675 1408 759 1461 animi
794 1409 888 1460 autern
919 1423 949 1461 se

104 1483 256 1538 exercendo
268 1485 399 1537 levantur.
434 1483 459 1536 N
462 1499 506 1535 am
517 1499 586 1550 quos
598 1483 638 1535 ait
650 1482 784 1536 Caecilius

330 1560 500 1607 ——comicos
517 1559 608 1606 stultos
625 1573 701 1618 senes,

104 1637 155 1692 hes
166 1637 302 1712 significat
318 1635 449 1704 credulos,
462 1635 612 1702 obliviosos,
624 1633 785 1702 dissolutos;
802 1651 872 1705 quae
883 1634 951 1690 vitia

105 1717 170 1767 sunt
186 1729 239 1766 non
257 1712 413 1778 senectutis,
433 1710 482 1764 sed
493 1711 598 1776 inertis,
616 1710 737 1778 ignavae,
756 1712 950 1766 somniculosae

105 1789 262 1856 senectutis.
296 1787 337 1842 Ut
356 1787 515 1856 petulantia,
533 1790 566 1840 ut
581 1786 665 1840 libido
683 1787 770 1855 magis
788 1791 831 1842 est
847 1788 951 1842 adoles-

74 1890 78 1896 ·
105 1866 225 1919 centium
245 1879 328 1933 quam
351 1879 454 1929 senum,
472 1878 523 1916 nec
543 1866 636 1916 tamen
659 1864 778 1917 omnium
798 1862 951 1919 adoleseen·

105 1940 183 2006 tium,
195 1939 244 1993 sed
255 1955 309 1993 nen
320 1938 481 2008 proborum;
500 1939 539 1993 sic
556 1939 609 1992 ista
627 1938 718 1994 senilis
736 1939 862 2008 stultitia,
881 1957 952 2008 quae

106 2015 232 2068 deliratio
247 2014 379 2084 appellari
399 2016 477 2084 solet,
495 2031 589 2069 senum
608 2014 707 2068 lovium
727 2019 777 2082 est,
796 2032 850 2069 non
867 2015 953 2068 omni-

106 2108 160 2143 um.
196 2094 239 2149 37.
252 2092 399 2157 'Quattuor
419 2091 544 2146 robustos
565 2090 642 2156 filios,
659 2089 782 2159 quinque
800 2090 875 2156 filias,
893 2092 953 2143 tan-

106 2171 164 2221 tam
176 2166 298 2236 domumj
311 2171 402 2223 tantus
418 2164 558 2219 clientelas
571 2165 679 2234 Appius
691 2164 805 2233 regebat
816 2167 846 2220 et
856 2180 954 2218 caecus

107 2247 137 2298 ct
160 2261 250 2299 senex.
293 2244 436 2298 Intentum
459 2240 533 2295 enim
554 2240 674 2294 animum
696 2243 837 2311 tamquam
859 2257 953 2294 arcum

106 2319 233 2388 habebat,
245 2337 296 2374 nec
307 2319 484 2388 languescens
496 2314 689 2370 succumbebat
700 2317 841 2373 senectuti.
868 2316 953 2371 Tene-

107 2395 157 2451 bat
179 2413 232 2449 non
255 2395 337 2449 modo
359 2394 559 2460 auctoritatem,
584 2390 634 2445 scd
659 2392 742 2446 etiam
762 2393 907 2463 imperium
926 2393 954 2444 in

109 2487 184 2524 suos:
201 2470 361 2524 metuebant
378 2471 457 2534 servi,
471 2467 637 2522 verebantur
654 2466 742 2535 liberi,
753 2484 846 2522 earum
861 2483 955 2520 omnes

108 2543 261 2597 habebant:
276 2545 386 2611 vigebat
403 2545 430 2597 in
446 2544 493 2595 illa
516 2543 597 2595 domo
620 2559 679 2595 mos
699 2544 804 2611 patrius
827 2545 857 2595 et
874 2541 955 2595 disci-

108 2618 188 2687 plina
224 2623 266 2672 38.
296 2618 342 2672 Ita
365 2619 447 2691 enim
461 2618 587 2669 senectus
607 2615 722 2669 honesta
741 2619 783 2669 est
801 2615 825 2669 si
846 2631 876 2670 se
895 2615 956 2683 ipsa

109 2692 240 2760 defendit,
259 2693 282 2746 si
293 2691 341 2760 jus
357 2705 435 2744 suum
450 2691 559 2757 retinet,
574 2690 597 2742 si
615 2689 717 2742 nemini
735 2690 890 2758 mancipata
905 2693 955 2758 est,

109 2770 132 2822 si
149 2767 289 2838 usquead
305 2766 431 2821 ultimum
448 2764 575 2835 spiritum
590 2762 746 2816 dominatur
763 2764 791 2816 iu
809 2780 879 2818 suos
914 2765 956 2819 Ut

110 2845 183 2900 enim
196 2844 396 2900 adolescentem
416 2841 445 2894 in
463 2856 517 2910 quo
534 2838 619 2894 senile
631 2837 742 2906 aliquid,
760 2839 799 2893 sic
816 2856 909 2894 senem
925 2841 955 2894 in

110 2940 165 2989 quo
180 2924 224 2977 est
238 2917 344 2988 aliquid
359 2915 541 2972 adolescentis
555 2913 656 2985 probo;
675 2913 749 2982 quod
765 2915 813 2984 qui
832 2915 956 2984 sequitur

91 3009 212 3054 empore
221 3009 312 3046 senex
321 3009 385 3048 esse
392 2993 508 3064 poterit,
522 2991 614 3047 animo
625 3007 767 3061 nunquam
777 2991 842 3046 erit„
866 2991 960 3060 Septi-

67 3069 140 3135 mus
154 3064 233 3141 mihi
248 3065 398 3134 Orngunum
416 3070 493 3126 liber
511 3071 607 3128 estin
625 3067 773 3124 manibus:
791 3066 888 3122 omma
902 3064 976 3119 suu-

58 3129 182 3180 remeas
197 3150 391 3202 monrunenta
404 3150 529 3220 colligo:
550 3164 709 3207 causarum
726 3145 891 3202 illustrium
907 3151 992 3206 <pm-
