2084 3404
360 150 398 200 M.
416 148 543 225 runnu
558 146 747 198 cronnorus
808 117 810 121 ⁷

151 232 214 286 tiam
228 229 335 301 privata
349 233 379 286 et
392 231 493 300 quieta.
530 231 674 300 Sophocles
690 229 727 284 ad
740 244 874 289 summam
887 245 975 285 sonae

147 310 220 360 ntem
238 306 394 374 tragoedias
420 306 494 361 fecit:
519 308 593 374 quod
619 309 732 376 propter
751 305 871 360 studium
890 323 973 374 quum

143 398 190 435 em
208 377 347 450 negligere
365 381 526 435 familiarem
540 383 685 449 rideretur,
697 398 715 434 a
725 381 792 435 filiis
802 382 830 434 in
838 381 974 449 judicium

136 460 241 512 uocatus
259 460 301 511 cst
318 460 358 524 ut,
376 456 605 524 quemadmodum
622 461 716 510 nostro
734 473 809 510 ruore
827 457 898 510 male
916 474 973 510 rem

131 533 289 600 gerentibus
300 532 424 600 patribus
438 532 514 585 bonis
526 531 652 586 interdici
669 533 747 598 solet,
760 533 798 586 sic
810 532 886 585 illum
896 532 974 600 qnasi

131 607 310 676 desipientem
331 624 347 660 a
365 624 396 661 re
417 607 541 660 familiari
562 612 735 662 removerent
754 608 870 675 judices.
906 608 974 661 'lum

132 700 214 736 senex
227 683 327 736 dicitnr
338 699 399 736 eam
414 682 534 736 fabulam
547 699 628 752 quarn
640 684 669 736 in
680 684 804 737 manibus
816 683 935 736 habebat
946 690 975 737 ct

131 759 254 826 proxime
271 759 424 826 scripserat,
439 759 574 827 Oedipum
588 760 742 825 Coloneum,
760 761 888 813 recitasse
902 758 976 827 jndi-

131 830 207 887 cibus
222 834 422 902 quaesisseque,
439 851 502 887 num
518 835 586 888 illud
602 851 711 889 carmen
727 835 886 902 desipientis
901 835 976 888 vidc-

131 913 214 964 rctur.
252 909 310 973 Quo
328 910 444 964 recitato
465 911 607 964 sententiis
626 910 750 978 judicum
769 913 813 963 cst
836 910 975 965 liberatus.

131 990 172 1040 23.
194 985 267 1038 Num
283 985 367 1053 igitur
382 985 460 1052 hunc,
476 1003 542 1040 num
559 986 719 1052 Homerum,
733 1002 799 1039 num
816 985 975 1052 Hesiodum,

131 1077 195 1114 nnm
208 1060 382 1130 Simonidem,
394 1077 459 1115 num
473 1062 665 1126 Stesichorum,
677 1077 743 1115 num
755 1078 823 1129 quos
834 1065 897 1115 anto
910 1061 975 1129 diri,

132 1136 289 1204 Isocratem,
302 1138 437 1206 Gorgiam,
451 1155 516 1192 num
533 1138 753 1206 philosophorum
769 1138 911 1207 principos,
926 1138 975 1206 Py-

130 1211 280 1281 thagoram,
297 1213 491 1282 Democritum,
508 1231 573 1268 num
593 1215 740 1282 Platonem,
758 1231 823 1268 num
840 1215 976 1268 Xenocra-

131 1291 195 1357 tem,
212 1305 277 1343 num
294 1295 391 1358 postea
406 1291 550 1355 Zenonem,
568 1290 734 1357 Cleanthem,
750 1295 799 1345 aut
816 1307 877 1344 eum
894 1306 975 1358 quom

130 1381 178 1418 vos
194 1364 277 1418 etiam
291 1365 399 1419 vidistis
412 1367 521 1432 Romae,
535 1366 685 1434 Diogenem
701 1367 830 1431 Stoicum,
842 1367 932 1432 coegit
947 1366 975 1418 in

131 1440 187 1492 suis
206 1439 305 1493 studiis
324 1440 512 1495 obmutescere
530 1444 663 1506 senectus,
688 1456 723 1493 an
746 1441 774 1493 in
792 1439 915 1492 omnibns
933 1439 975 1492 his

131 1513 284 1584 studiorum
303 1515 417 1582 agitatio
435 1516 508 1569 vitae
529 1515 650 1583 aequalis
669 1514 740 1568 initi
782 1520 822 1568 24.
854 1517 922 1581 Age,
942 1519 976 1570 ut

130 1588 185 1642 ista
196 1589 287 1643 divina
303 1590 393 1644 studia
405 1591 570 1657 omittamus,
582 1605 692 1659 possum
707 1589 848 1644 nominare
858 1606 893 1642 ox
908 1606 974 1658 agro

131 1664 230 1718 Sabino
253 1665 369 1719 rusticos
391 1665 535 1733 Romanos,
553 1665 655 1720 vicinos
674 1670 704 1721 et
723 1665 870 1719 familiares
893 1682 974 1730 meos,

131 1740 230 1809 quibus
248 1739 407 1795 absentibus
425 1758 564 1810 nunquam
584 1742 642 1795 fere
660 1742 716 1795 ulla
736 1741 764 1794 in
785 1757 851 1809 agro
871 1741 975 1809 majora

131 1832 215 1886 opera
226 1816 303 1883 fiunt,
316 1833 368 1871 non
381 1817 512 1884 serendis,
523 1833 575 1870 non
592 1817 781 1885 percipiendis,
793 1833 850 1869 non
858 1816 974 1871 conden-

131 1891 173 1946 dis
190 1892 331 1947 iructibua.
368 1894 539 1961 Quamquam
558 1893 584 1945 in
604 1892 664 1945 aliis
683 1893 772 1945 minus
793 1893 843 1945 hoc
861 1893 971 1946 mirruu¹

130 1986 210 2023 nemo
222 1968 293 2022 enim
306 1973 348 2022 cst
360 1972 416 2023 tam
429 1986 512 2023 senex
524 1969 571 2037 qni
583 1985 613 2022 ee
625 1985 725 2022 annum
739 1985 792 2022 non
804 1972 883 2037 putet
894 1984 966 2036 possa

130 2045 233 2098 vivere:
256 2044 305 2096 scd
321 2043 404 2098 iidem
420 2045 449 2097 in
465 2045 498 2098 iis
514 2043 656 2098 elaborant
667 2060 738 2111 quae
754 2044 843 2097 sciunt
858 2044 924 2096 nihil
938 2059 961 2097 a

130 2136 160 2174 so
171 2120 280 2173 omnino
292 2120 443 2188 pertinere:

276 2219 342 2269 Serit
352 2219 451 2268 arbores
462 2234 526 2283 quae
536 2219 607 2267 alteri
617 2219 700 2268 seculo
711 2220 827 2283 prosient,

129 2321 161 2372 ut
175 2317 214 2372 ait
228 2317 333 2373 Statius
347 2321 441 2372 noster
455 2317 484 2371 in
499 2315 673 2386 Synephebis.
709 2321 750 2370 25.
776 2315 802 2368 N
804 2331 835 2369 ec
846 2331 911 2368 vero
925 2315 942 2368 d

130 2391 201 2446 hitet
212 2395 330 2461 agricola
339 2394 462 2461 quamvis
474 2409 557 2447 senex
569 2391 712 2461 quaerenti
721 2390 764 2445 cui
777 2394 852 2444 serat
864 2407 937 2460 resp(

129 2466 208 2520 dere:
227 2468 286 2521 Diis
298 2468 497 2522 immortalibus
506 2469 552 2535 qui
565 2484 609 2522 me
618 2484 671 2522 non
683 2468 806 2536 accipere
817 2467 932 2520 modolr

130 2542 307 2609 anmjoribue
318 2543 467 2608 voluerunt,
480 2542 624 2596 sedetiam
636 2544 752 2612 posteris
764 2543 888 2610 prodero.

181 2616 266 2670 Vlll.
286 2617 385 2670 Melius
393 2617 525 2671 Caecilius
537 2616 573 2670 de
585 2632 649 2670 sene
660 2617 740 2671 alteri
752 2615 859 2670 saeculo
870 2632 920 2684 pro

129 2694 219 2748 ciente
232 2707 313 2759 quam
325 2691 394 2744 illud
406 2692 493 2746 idem:

227 2796 322 2860 Edepol
333 2801 453 2855 senectus,
468 2797 489 2844 ei
501 2796 536 2844 nil
546 2796 681 2859 quidquam
693 2796 760 2844 aliud
771 2796 819 2844 viti

226 2861 352 2924 Apportes
363 2867 453 2918 tecum,
468 2877 546 2924 quum
557 2860 666 2919 advenis,
679 2877 756 2909 unum
769 2861 794 2908 id
805 2866 845 2908 sat
856 2867 894 2908 est

226 2924 298 2983 Quod
309 2925 352 2974 diu
364 2926 469 2974 vivendo
480 2925 560 2974 multa
572 2941 634 2988 quae
646 2941 696 2974 non
707 2925 762 2974 vult
772 2925 848 2974 videt,

108 3021 256 3074 eremita
271 3027 394 3081 mrtasse
407 3045 481 3098 qnae
495 3028 569 3096 vtdt;
588 3032 674 3101 atque
688 3028 719 3084 in
732 3045 766 3084 ea
778 3027 891 3098 quidem

65 3095 153 3205 1552
167 3093 332 3219 bi'fflw
350 3103 439 3197 ettam
457 3108 655 3167 inclementia
670 3106 802 3166 neuma.
833 3104 888 3160 nno

245 3170 317 3228 rhus
331 3182 481 3244 vitiosius:
