2084 3404
95 136 111 180 ὓ
322 129 362 180 Μ.
379 128 508 178 TULLII
526 127 715 176 CICERONIS

95 213 181 264 retur.
208 197 258 284 l¹315.
286 208 404 276 Etenim,
419 224 503 276 quum
515 206 684 275 contemplor
701 206 798 273 aniano,
810 210 941 275 quattuor

96 285 204 352 reperio
228 301 322 338 causas
345 301 394 338 cur
417 287 543 353 senectus
562 283 668 348 miscra
685 281 825 336 rideatur:
852 300 940 349 unam,

97 360 172 426 quod
188 342 321 414 ,appara
338 359 421 414 rebus
442 341 732 427 'gete‘hdis‘ss'‘alteram,
752 358 826 427 quod
844 375 941 426 corpus

96 435 179 490 faciat
192 435 326 489 infirmius
334 456 341 501 ;
358 435 478 502 tertiam,
490 434 565 502 quod
578 435 668 502 priv'et
683 434 808 487 omnibus
823 434 882 488 fere
896 451 940 488 vo

97 511 263 581 luptatibns3
280 515 414 582 quartam,
427 511 503 580 quod
519 509 594 563 haud
610 511 704 578 procul
722 510 794 565 absit
811 526 828 563 a
845 513 940 566 morte.

97 587 207 655 Earum,
225 589 248 641 si
266 587 362 655 placet,
379 602 522 640 caricarum
540 590 642 654 quanta
660 602 795 655 quamque
813 587 850 640 sit
863 586 941 654 justa

98 679 277 731 unaquaeque
288 662 435 717 videamus
451 658 455 726 Ι
601 711 606 720 ,

123 717 201 804 ΠΙ.
229 740 256 792 A
268 737 351 792 rebus
362 739 489 806 gerendis
502 741 628 792 senectus
640 737 783 792 abstrahit.
820 737 940 802 Quibusl

99 815 145 867 An
160 815 193 867 iis
208 831 279 883 qnae
291 814 439 882 juventute
457 817 590 882 geruntur
608 817 637 867 et
650 813 771 868 viribusl
809 813 941 867 Nullaenc

56 912 65 920 ⁷
97 890 182 958 igitur
195 906 240 944 res
257 893 320 944 sunt
335 890 433 944 seniles
445 906 516 958 quae
528 889 573 944 vel
584 889 698 942 infirmis
713 888 870 957 corporibus
885 890 941 942 ani-

98 982 142 1018 mo
153 969 245 1018 tamen
256 965 496 1019 administrenturl
532 965 607 1018 Nihil
621 981 686 1031 ergo
698 963 798 1032 agebat
810 963 841 1027 Q.
856 964 942 1016 Maxi-

97 1057 166 1094 mus.
183 1040 258 1096 Nihil
276 1041 307 1096 L.
320 1040 438 1107 Paullus,
454 1045 534 1110 pater
551 1044 623 1108 tuus,
640 1040 742 1108 Scipio,
753 1056 830 1093 socer
844 1039 941 1106 optimi

97 1117 154 1183 riri,
166 1116 216 1170 filii
227 1116 291 1172 mei.
334 1116 427 1172 Ceteri
440 1133 526 1186 senes,
539 1116 664 1183 Fabricii,
678 1116 761 1183 Curii,
774 1116 940 1182 Coruncanii,

97 1209 182 1265 quum
194 1192 400 1262 rempublicam
408 1193 520 1247 consilio
532 1197 562 1247 ct
572 1192 736 1247 auctoritate
748 1191 940 1256 defendebant,

97 1269 164 1322 nihil
175 1266 328 1338 menanti
345 1275 385 1324 16.
410 1268 458 1323 Ad
470 1269 554 1338 Appii
567 1268 674 1322 Claudii
686 1263 855 1322 senectutem
867 1283 941 1320 acce

97 1344 182 1398 debat
196 1346 279 1398 etiam
294 1348 327 1398 ut
340 1361 436 1399 caecus
449 1349 537 1409 esset3
554 1348 646 1398 tamen
661 1344 692 1410 is,
707 1360 792 1412 quum
806 1343 942 1396 sententia

97 1420 215 1473 Senatus
226 1419 368 1474 inclinaret
379 1419 416 1472 ad
427 1436 521 1488 pacem
533 1436 594 1472 cum
605 1419 708 1483 Pyrrho
717 1418 868 1484 foedusque
879 1417 942 1469 laci-

97 1495 206 1561 cndnm,
225 1511 279 1547 non
297 1494 433 1547 dubitarit
451 1495 542 1547 dicere
560 1494 607 1546 illa
624 1510 694 1562 quac
710 1492 841 1546 versibus·
852 1508 942 1561 perse

62 1575 176 1704 Ncotus
189 1569 366 1642 eath'nnius2'
390 1617 392 1621 .

195 1653 330 1710 Quo-robis
342 1659 443 1711 mentes,
458 1658 538 1702 rectae
549 1669 612 1715 quae
624 1657 689 1700 stare
699 1653 811 1700 solebant

194 1719 316 1777 Antehac,
331 1717 456 1766 dementes
467 1735 519 1766 sese
530 1718 618 1765 flexere
630 1719 693 1766 viaii

96 1807 242 1872 ceteraque
253 1803 424 1872 gravissime:
442 1806 537 1856 notum
549 1802 707 1856 enimvobis
718 1819 827 1856 carincn
838 1806 896 1869 est;
912 1807 941 1857 ct

96 1884 189 1933 tamen
206 1876 290 1948 ipsius
303 1879 387 1947 Appii
402 1882 479 1932 cxmt
493 1879 585 1932 oratic.
623 1881 718 1948 Atquc
736 1880 802 1932 hacc
819 1878 865 1933 ille
883 1879 941 1947 egit

97 1959 203 2022 septem
217 1958 246 2009 et
260 1954 355 2008 decem
369 1955 446 2008 annis
461 1958 524 2023 post
538 1955 655 2008 altorum
667 1956 843 2022 consulatum,
856 1972 941 2024 quum

96 2031 170 2084 inter
187 2030 255 2083 dnos
270 2031 425 2084 consulatus
440 2031 503 2084 anni
518 2031 613 2084 decem
628 2031 822 2096 interfuissent,
837 2048 942 2084 censor-

96 2123 151 2174 que
166 2106 415 2174 antc‘sup‘eriorem
430 2107 598 2160 consulatum
614 2107 726 2172 fuisset3
743 2124 777 2160 cx
794 2123 848 2175 quo
864 2107 941 2160 intel-

96 2182 191 2250 ligitur
203 2182 301 2251 Pyrrhi
313 2181 385 2236 bello
396 2182 527 2250 grandem
537 2199 604 2235 sane
615 2182 712 2236 fuisse:
730 2186 759 2236 et
771 2185 863 2236 tamen
876 2183 941 2236 sica

96 2258 222 2326 patribus
233 2258 393 2327 accepimus.
431 2263 471 2316 17.
500 2258 574 2311 Nihil
585 2259 671 2326 igitur
682 2258 799 2312 afferunt
811 2259 859 2326 qui
870 2259 899 2311 in
910 2275 941 2312 re

94 2335 216 2400 gerenda
227 2335 330 2388 versari
344 2338 513 2390 senectutem
527 2337 644 2402 negant;
662 2335 817 2402 similesque
832 2338 896 2388 sunt
910 2338 941 2389 nt

95 2411 185 2479 siqui
203 2410 415 2478 gubernatorem
435 2412 463 2464 in
483 2410 634 2478 navigando
652 2410 720 2464 nihil
740 2427 822 2479 agere
841 2411 940 2475 dicant,

96 2503 181 2554 quum
201 2485 247 2538 alii
266 2487 351 2539 malos
372 2486 510 2554 scandant,
530 2486 576 2540 alii
594 2503 645 2556 por
666 2488 739 2540 foros
758 2490 876 2553 current,
895 2485 941 2538 alii

96 2561 231 2615 sentinam
243 2560 414 2628 exhauriant,
423 2562 469 2615 illc
493 2567 584 2616 autem
599 2563 711 2617 clavum
723 2566 820 2616 tenens
832 2562 941 2629 quietus

95 2637 192 2690 sedeat
204 2636 233 2688 in
245 2636 336 2704 puppi
373 2636 398 2688 N
400 2653 434 2688 on
452 2637 519 2691 facit
533 2654 566 2691 ea
580 2655 650 2706 qnae
663 2638 786 2706 juvenes.
824 2639 865 2690 At
877 2652 941 2689 vero

97 2712 182 2766 multo
196 2715 301 2780 majora
315 2715 344 2765 et
357 2712 470 2765 meliora
480 2712 551 2766 facit.
588 2713 651 2766 Non
662 2711 766 2765 viribus
780 2715 829 2764 aut
844 2711 942 2764 veloci-

94 2787 200 2841 tatibus
218 2790 267 2842 aut
284 2787 427 2842 celeritate
445 2804 586 2856 corporum
605 2804 650 2841 ros
668 2794 783 2854 magnac
800 2791 940 2853 geruntur,

95 2863 146 2916 scd
166 2863 284 2931 consilio,
303 2863 474 2930 auctoritate,
494 2864 646 2927 sentcntia;
671 2862 771 2929 quibus
788 2878 842 2915 non
860 2862 941 2915 modo

90 2957 147 2989 non
161 2939 261 3006 orbari,
276 2940 326 2993 sed
344 2941 426 2994 etiam
445 2940 538 3007 augam
557 2943 683 2992 senectus
700 2937 776 2993 solet.
815 2944 853 2992 18.
880 2938 941 2994 Nisi

68 3008 148 3055 forto
162 3026 216 3072 ego
233 3014 316 3080 robis,
334 3016 384 3082 qni
400 3019 430 3070 et
447 3016 528 3071 miles
546 3017 577 3070 ct
594 3013 724 3071 tribunus
743 3017 772 3069 et
787 3014 897 3083 legatia
913 3017 946 3068 et

49 3077 157 3126 consul
170 3089 304 3140 uersatus
321 3107 385 3144 sum
405 3093 434 3148 in
455 3094 534 3151 vario
553 3110 665 3166 genere
680 3093 834 3160 behorum,
849 3105 957 3146 cessans

40 3144 113 3188 runc·
136 3146 241 3208 rriieor
259 3176 353 3229 qurum
376 3167 457 3229 bella
478 3191 537 3233 non
560 3191 644 3249 gero.
687 3175 732 3232 st
757 3169 880 3230 hennum
899 3180 967 3236 φῆ*
