2084 3404
295 122 548 172 EPISTOLARUM
566 121 668 170 LIBRI
685 121 767 173 1)Πο.
928 125 959 175 97

109 202 190 259 Tiro:
206 202 407 272 praestaboque
418 207 447 256 et
460 204 549 256 enitar
560 206 593 255 ut
605 203 633 255 in
646 202 706 273 dies
717 202 804 270 magis
816 198 958 274 magisque

108 278 175 333 haec
198 295 311 333 nascens
334 279 370 332 de
390 295 434 332 me
455 279 610 347 duplicetur
634 278 731 346 opinio.
768 278 858 342 Quare
883 280 958 348 quod

108 354 244 423 polliceris
269 358 298 409 te
320 355 523 408 buccinatorem
549 354 608 408 iore
635 353 844 407 existimationis
871 371 956 419 meac,

108 430 187 484 firmo
198 431 228 485 id
240 431 429 499 constantique
445 430 535 484 animo
549 430 631 483 facias
646 429 717 482 licct.
753 429 869 499 'lantum
886 431 956 482 enirn

107 506 173 559 mihi
198 506 320 561 dolorem
340 507 546 575 cruciatumque
567 506 726 559 attulerunt·
740 508 833 558 errata
857 506 957 558 aetatis

107 598 191 647 meae,
202 586 234 636 ut
245 599 298 636 non
311 582 398 636 solum
414 582 519 636 animus
534 598 551 634 a
566 582 646 634 iactis
659 580 709 634 sed
725 596 805 635 aures
818 596 957 648 quoquca

106 659 361 713 commemoratione
388 658 562 712 abhorreant.
598 656 684 725 Cujus
711 659 741 710 te
767 655 956 710 sollicitudinis

106 737 136 786 ct
155 733 255 788 doloris
273 735 436 803 participem
454 733 538 787 fuisse
558 737 652 786 notum
669 733 896 801 exploratumque
913 737 955 786 est

106 808 190 874 mihi;
205 826 266 863 ·ncc
286 810 316 864 id
336 812 442 864 mirum.
478 810 550 863 Nam
574 816 658 876 quum
682 809 771 862 omnia
791 824 852 862 mea
874 825 956 863 causa

42 916 49 937 ·.
106 884 190 938 velles
205 886 270 938 mihi
291 902 423 955 successa,
440 885 602 941 tum.etiam
622 887 685 949 tua;
709 884 811 938 socium
832 884 904 938 cuim
925 889 954 938 tc

105 976 227 1014 meorum
251 963 453 1015 commodorum
482 977 590 1030 semper
613 955 680 1013 'esse
703 960 783 1014 volui.
820 960 954 1025 Quoniam

104 1036 189 1104 igitur
204 1040 264 1091 tum
276 1055 310 1090 ex
326 1055 371 1091 me
385 1038 505 1105 doluisti,
521 1052 592 1089 nunc
607 1039 640 1090 ut
654 1035 808 1102 duplicetur
825 1040 903 1089 tuum
919 1054 953 1090 cx

104 1128 150 1166 me
171 1113 302 1180 gaudium
329 1113 481 1181 praestabo.
517 1113 649 1180 Cratippo
673 1127 717 1163 me
745 1111 814 1163 scito
842 1127 896 1163 non
920 1116 952 1165 ut

104 1187 268 1256 discipulum
288 1188 337 1242 sed
354 1192 386 1242 ut
403 1189 489 1241 filium
507 1204 567 1241 esse
585 1185 843 1254 conjunctissimum.
880 1187 951 1241 Nam

11 1304 16 1313 .
103 1263 212 1332 [quum]
229 1263 310 1317 audio
328 1264 404 1316 illum
421 1264 547 1328 libenter,
559 1266 619 1316 tum
636 1261 719 1315 etiam
737 1262 874 1330 propriam
893 1262 954 1330 ejus

103 1339 267 1393 suavitatem
275 1340 452 1394 vehementer
463 1340 619 1408 amplector.
657 1337 722 1391 Sum
734 1341 807 1390 totos
819 1336 879 1390 dies
890 1354 952 1393 curu

103 1431 143 1479 co,
166 1417 307 1484 noctisque
334 1432 531 1486 saepenumero
552 1418 669 1483 partem.
702 1414 792 1467 Exoro
820 1414 892 1466 enim
920 1419 952 1468 ut

103 1505 209 1544 mecum
228 1508 309 1560 quam
325 1493 482 1562 saepissime
498 1495 600 1545 caenet.
637 1490 698 1544 Hac
717 1489 874 1544 introducta
889 1506 951 1544 con-

103 1567 254 1627 suetudine.
272 1585 353 1637 saepe
370 1567 548 1621 inscientibus
565 1566 644 1620 nobis
661 1570 690 1620 et
709 1565 883 1620 caenantibus
904 1566 951 1620 ob-

103 1643 182 1711 repit,
200 1643 361 1711 sublataque
383 1645 531 1698 severitate
550 1642 735 1712 philosophiae
756 1641 951 1698 humanissime

102 1717 240 1772 nobiscum
256 1718 372 1787 jocatur.
409 1717 499 1784 Quare
520 1719 557 1772 da
575 1734 686 1786 operam
706 1720 738 1771 ut
761 1718 841 1771 hunc
858 1719 949 1789 talem,

102 1797 158 1847 tam
176 1737 337 1862 J'ucuanum,
360 1799 417 1848 tam
442 1795 619 1848 excellentem
640 1793 728 1845 virum
750 1792 843 1845 videas
867 1810 950 1860 quam

101 1870 225 1936 primum.
262 1871 334 1923 Nam
358 1870 425 1937 quid
453 1887 504 1938 ego
532 1869 568 1922 de
597 1868 707 1920 Bruttio
731 1866 839 1922 dicam?
867 1885 949 1936 quem

100 1945 175 1998 nullo
191 1950 315 2014 tempore
327 1963 343 1999 a
355 1962 399 1999 me
414 1947 505 2020 patiar
517 1944 668 2009 discedere,
686 1942 765 2011 qu'us
781 1959 865 2010 quum
877 1944 949 2011 frugi

101 2038 250 2091 severaque
268 2025 311 2076 est
329 2021 393 2089 vita,
413 2026 472 2076 tum
492 2021 575 2076 etiam
589 2019 789 2088 jucundissima
809 2020 948 2074 convictio

102 2096 126 2148 N
129 2114 162 2150 on
176 2101 219 2152 cst
230 2098 302 2152 euim
317 2097 481 2166 sejunctus
469 2113 548 2167 Jocus
564 2114 581 2150 a
597 2103 728 2162 φιλολογιᾳ
746 2099 775 2149 et
790 2096 950 2164 quotidiana

101 2196 131 2225 συ
132 2181 235 2238 ζητήσει.
271 2175 345 2227 Huic
362 2190 412 2242 ego
430 2174 544 2226 locum'
536 2190 564 2226 ιιι
582 2172 706 2240 proximo
725 2170 850 2233 conduxi,
866 2175 898 2243 ,et
916 2175 949 2224 ut

100 2265 209 2316 possum
233 2265 267 2301 cx
287 2249 355 2302 meis
378 2249 512 2315 angustiis
535 2247 608 2299 illius
632 2248 756 2298 sustento
776 2245 947 2299 tenuitatem.

103 2323 248 2376 Praeterea
272 2323 447 2375 declamitare
467 2323 571 2375 Graece
590 2320 664 2389 apud
684 2319 807 2372 Cassium
826 2319 948 2374 institui:

103 2399 197 2451 Latine
226 2401 318 2450 autam
348 2397 421 2465 apud
452 2396 592 2450 Bruttium
622 2394 744 2448 exerceri
774 2393 842 2449 vole.
877 2395 949 2449 Utor

99 2473 278 2527 familiaribus
301 2477 330 2526 et
351 2473 518 2540 quotidianis
538 2470 745 2536 convictoribus,
768 2486 835 2540 quos
856 2487 946 2525 secum

100 2549 238 2617 Mitylenis
252 2549 399 2618 Cratippus
411 2547 535 2614 adduxit,
548 2546 700 2601 hominibus
715 2548 744 2601 ct
760 2545 849 2600 doctis
861 2550 889 2601 ct
908 2548 947 2601 illi

99 2625 305 2695 probatissimis.
340 2623 459 2680 Multum
488 2625 559 2678 enim
589 2639 709 2692 mecum,
725 2625 768 2677 est
797 2623 947 2694 Epicrates,

98 2703 223 2771 princeps
243 2701 461 2769 Atheniensium,
478 2704 507 2755 et
529 2700 672 2767 Leonides,
694 2699 840 2754 ethorum
862 2701 947 2753 ceteri

98 2778 207 2832 similas.
244 2786 279 2832 Τὰ
289 2786 333 2841 μὲν
345 2781 385 2831 οὖν
397 2783 449 2830 καθ’
461 2783 598 2842 ripis-adde.

151 2853 192 2907 De
212 2854 320 2921 Gorgia
333 2856 382 2906 aut
383 2869 426 2906 em
447 2853 522 2921 quod
541 2852 608 2906 mihi
630 2849 733 2916 scribis,
752 2851 813 2901 crat
834 2849 946 2916 quidem

99 2926 165 2990 ille'
159 2944 186 2980 ιιι
203 2933 270 2996 quot
258 2929 362 2982 tidiana
380 2928 577 2981 declamatione
593 2927 682 2979 utilis:
701 2922 750 2976 scd
766 2923 857 2975 omnia
872 2930 946 2987 nost

94 3003 174 3086 posui
197 3003 348 3059 dummodo
369 3005 529 3076 praeceptis
547 3002 642 3073 patris
656 3012 802 3067 parerem
836 3001 870 3041 a
867 2999 973 3049 atoma

87 3076 160 3128 enim
175 3081 344 3167 scripserat
374 3087 408 3140 ut
438 3100 508 3139 euru
535 3079 722 3136 dimitterem
750 3051 1002 3184 ιιιιιιιῆἒῖξ

80 3153 188 3209 versari
206 3157 297 3230 nolui,
313 3177 353 3219 ue
372 3175 444 3222 meu
460 3161 557 3219 nimia
574 3157 683 3218 canath
703 3139 863 3208 susdxa'xsu
