2084 3404
111 123 150 172 -1e
345 117 385 168 Μ,
401 117 527 167 TULLII
550 117 739 167 CICERONIS

118 216 172 253 non
183 195 358 266 intelligens
363 197 393 274 in
403 197 466 251 istis
478 197 589 266 quidem
596 195 783 266 voluptatibus
794 197 861 265 ipsis
873 215 966 253 carere

119 291 201 329 sensu
212 276 392 328 senectutem.
428 273 476 326 Me
495 289 559 326 vero
576 277 613 326 et
623 273 782 341 magisteria
794 273 932 328 delectant
949 291 967 326 a

118 349 268 419 majoribus
286 349 432 414 instituta;
450 352 479 402 et
498 350 522 402 is
541 349 785 417 sermoquirmore
802 350 935 418 majerum
949 367 967 402 a

119 442 225 480 summo
237 425 386 480 adhibetur
397 426 427 478 in
438 421 557 492 peculis;
575 429 605 479 et
622 426 725 494 poeula,
739 426 809 479 sicut
820 426 849 478 iu
861 441 967 494 sympo-

119 505 159 555 sio
173 502 361 572 Xenophontis
382 506 432 568 est,
445 501 551 554 minuta
565 504 650 569 atquc
668 502 796 570 rorantia,
808 506 837 556 et
856 502 966 569 refrige-
982 496 985 502 ’

107 578 189 650 *ratio
212 580 373 645 aestate,⁴et
392 575 511 629 vicissim
530 581 578 629 aut
602 577 640 630 sol
665 581 713 631 aut
736 578 807 646 ignis
828 577 965 631 hibernus.

120 654 195 717 Quae
214 653 326 722 quidem
339 653 422 705 ctiam
439 651 468 704 in
487 651 595 706 Sabinis
612 655 740 722 persequi
759 655 839 722 soleo,
851 649 967 707 convivi-

119 745 220 797 umque
239 729 389 781 vicincrum
408 726 531 795 quotidie
552 729 680 797 compleo,
701 730 775 798 quod
795 730 831 782 ad
852 729 967 783 multam

119 809 226 860 noctem
239 820 321 872 quam
333 804 451 856 maxime
463 820 606 872 possumus
619 805 829 866 varioscrmone
840 806 967 872 produci-

119 897 186 935 mus.
222 884 263 936 47.
283 880 323 932 ht
339 896 392 932 non
405 882 449 932 est
461 880 631 947 voluptatum
650 883 729 934 tanta
748 881 826 949 quasi
843 881 967 934 titillatio

119 956 147 1008 in
160 955 278 1009 senibus.
314 955 419 1009 Credo:
437 955 487 1008 sed
504 971 539 1008 ne
552 955 718 1010 desideratio
737 956 855 1025 quidem.
891 956 967 1010 Nihil

118 1034 212 1085 autem
225 1031 371 1085 molestum
383 1030 458 1098 quod
474 1047 528 1083 non
541 1032 688 1087 desideres.
725 1032 801 1086 Bene
814 1032 966 1101 Sophocles,

120 1124 204 1176 quum
216 1124 251 1161 ex
263 1125 295 1162 eo
308 1105 418 1176 quidam
427 1105 486 1175 jam
499 1108 596 1162 affecto
608 1112 699 1163 aetate
711 1111 864 1178 quaereret,
877 1112 967 1162 uterc-

120 1189 201 1238 turue
224 1183 307 1238 rebus
331 1184 470 1249 venereis;
499 1183 543 1236 Dii
566 1185 694 1240 meliora!
720 1186 826 1255 inquit:
850 1184 968 1238 libenter

120 1277 184 1315 vero
207 1261 290 1316 istinc
312 1260 384 1315 sicut
401 1277 418 1314 a
435 1260 544 1314 domino
562 1263 664 1326 agresti
683 1279 714 1316 ac
731 1262 833 1316 furioso
846 1261 967 1330 profugi.

122 1337 236 1406 Cupidis
248 1337 320 1390 cuim
332 1353 423 1389 rerum
442 1337 539 1389 talium
558 1338 682 1390 odiosum
700 1339 814 1390 fortasse
826 1341 855 1389 et
871 1336 967 1387 moles-

120 1416 179 1464 tum
192 1416 236 1465 est
248 1428 356 1474 earere;
374 1411 482 1463 satiatis
497 1428 561 1464 vero
580 1417 608 1464 et
627 1413 744 1481 expletis
758 1411 906 1477 jucundius
925 1420 967 1462 cst

120 1503 214 1539 carcre
234 1501 316 1553 quam
336 1485 398 1537 frui.
435 1485 606 1553 Quamquam
630 1503 683 1538 noa
704 1490 780 1538 caret
802 1487 826 1537 is
847 1485 967 1552 quinon

121 1561 267 1615 desiderat.
303 1561 361 1627 Ego
388 1577 442 1613 non
467 1560 625 1613 desiderare
649 1561 709 1614 dico
733 1577 792 1614 esse
811 1559 967 1628 jucundius.

121 1644 162 1691 48.
181 1636 300 1702 Quodsi
317 1635 378 1690 istis
397 1636 464 1703 ipsis
485 1635 670 1702 voluptatibus
689 1636 761 1689 bona
777 1641 852 1690 aetas
867 1635 968 1689 fruitur

121 1713 259 1780 libentius,
280 1712 399 1781 primum
420 1711 540 1778 parvulis
557 1711 658 1765 fruitur
676 1712 766 1780 rebus,
784 1716 817 1766 ut
835 1711 967 1778 diximus;

122 1791 222 1844 deinde
233 1789 268 1842 iis
286 1788 385 1857 quibus
404 1790 537 1855 senectus,
550 1787 573 1841 si
591 1805 644 1840 non
663 1789 772 1842 abunde
789 1787 902 1858 potitur,
913 1805 967 1842 non

122 1867 230 1920 omnino
243 1868 326 1918 caret.
362 1864 403 1917 Ut
415 1863 551 1931 Turpione
565 1864 693 1918 Ambivio
711 1865 799 1933 magis
817 1864 969 1919 delectatur

122 1943 169 2010 qui
181 1942 209 1994 in
221 1941 309 2009 prima
321 1955 404 1993 cavea
416 1943 529 2007 spectat,
542 1939 695 1994 delectatur
711 1945 805 1995 tamen
821 1941 904 1995 ctiam
922 1942 968 2009 qui

123 2021 150 2070 in
169 2017 280 2080 ultima;
304 2016 342 2068 sic
359 2015 542 2069 adolescentia
559 2015 714 2085 voluptates
731 2020 844 2086 propter
860 2017 969 2071 intuens

122 2093 208 2160 inagis
224 2092 342 2145 tortasse
359 2091 487 2158 laetatur,
503 2092 552 2145 sed
571 2091 724 2146 delectatur
743 2093 826 2146 etiam
843 2096 969 2147 senectus

122 2168 215 2238 proeul
236 2185 283 2222 eas
302 2171 427 2236 spectans
448 2171 555 2221 tanturn
577 2172 709 2236 quantum
724 2171 767 2222 sat
785 2172 835 2222 est.
870 2174 911 2222 49.
930 2172 970 2223 At

122 2246 169 2300 illa
186 2246 281 2315 quanti
301 2248 372 2312 sunt,
391 2244 518 2311 animum,
530 2247 670 2313 tamquam
689 2244 810 2298 emeritis
828 2244 970 2314 stipendiis

122 2322 249 2391 libidinis,
261 2321 426 2388 ambitionis,
438 2321 627 2390 contentionis,
646 2321 855 2390 inimicitiarum,
868 2321 971 2390 cupidi-

123 2403 212 2453 tatum
224 2399 351 2466 omnium,
364 2415 455 2452 secum
468 2414 528 2452 csse
539 2410 693 2467 secumque,
704 2402 736 2452 ut
749 2398 856 2464 dieitur,
864 2398 968 2450 vivore!

124 2476 151 2528 Si
172 2491 235 2527 voro
253 2474 338 2527 habet
355 2473 466 2542 aliquod
483 2478 624 2542 tamquam
639 2473 768 2543 pabulum
787 2473 872 2528 studii
888 2477 971 2540 atquc

124 2550 270 2612 doetrinae,
290 2549 356 2600 nihil
378 2553 421 2601 est
442 2549 530 2602 otiosa
549 2551 692 2602 senectute
708 2549 863 2616 jucundius.
900 2547 970 2600 Mori

123 2641 210 2695 paene
222 2623 381 2677 videbamus
392 2624 420 2675 iu
433 2623 524 2676 studio
537 2623 698 2676 dimetiendi
709 2622 776 2676 caeli
785 2627 869 2690 atquo
881 2626 971 2675 terrae

125 2702 156 2755 C.
171 2699 278 2754 Gallum
290 2698 451 2752 familiarem
467 2698 554 2766 patris
566 2699 615 2764 tui,
628 2697 726 2766 Scipio.
763 2696 878 2761 Quoties
895 2697 971 2750 illum

124 2778 171 2831 lux
191 2779 273 2829 noctu
299 2774 402 2842 aliquid
423 2772 579 2827 describere
602 2773 762 2841 ingressum,
786 2774 894 2842 quoties
917 2791 970 2827 nox

124 2852 268 2922 oppressit,
294 2867 378 2920 quum
407 2866 488 2904 mane
517 2849 665 2916 coepisset!
703 2848 791 2913 Quam
816 2848 972 2906 delectabat

125 2946 186 2983 eum
199 2927 365 2982 defectiones
378 2926 441 2979 selis
454 2931 483 2980 et
494 2924 574 2979 lunae
586 2925 674 2978 multo
687 2925 766 2979 nobis
783 2928 848 2978 ante
864 2926 972 2993 praedi-

107 3005 193 3051 cere!
217 3008 267 3054 150,
291 3001 365 3066 Quid
375 3002 404 3056 in
416 3001 569 3058 levioribus
581 3001 682 3057 studiis
699 3001 751 3057 sed
765 3004 863 3056 tamen
870 3001 977 3055 acutisl

90 3068 185 3125 Quam
200 3077 353 3138 gaudebat
374 3079 449 3136 bello
467 3099 519 3138 suo
542 3081 650 3136 Punico
664 3076 808 3137 Naeuiusl
826 3075 995 3147 quam'lru-

66 3137 194 3195 enlento
213 3145 363 3211 Plautus!
380 3174 472 3228 quam
496 3159 666 3220 Pseudolo!
708 3157 785 3215 mut
802 3156 896 3221 otiam
911 3157 1012 3202 senem
