2084 3404
87 104 117 149 66
428 98 603 150 EPISTOLA

85 199 115 237 es
139 198 174 234 ex
198 180 297 250 quibus
320 181 463 236 nonnullas
487 182 641 246 simultates
664 199 726 237 cum
751 201 851 254 magna
876 204 943 243 msa·

84 256 191 310 laetitia
218 261 357 325 susceptas
382 258 521 320 habemus.
570 258 643 312 Nisi·
657 259 729 314 forte
754 278 799 315 me
826 263 939 318 Paeonii

83 333 173 385 nescio
193 332 270 400 cujus
288 333 403 385 hominis
424 351 460 387 ns
481 334 578 387 Graeci
601 335 712 402 quidem
733 353 765 389 ac
786 337 869 405 Mysii
890 345 940 394 aut

84 408 199 476 Phrygis
224 408 315 476 petius
341 409 462 476 querelis
486 410 588 462 moveri
616 415 715 498 putus3
738 416 786 466 aut
813 413 939 469 Tuscenii

82 484 198 537 hominis
211 483 306 537 furiosi
319 501 350 536 ac
364 484 469 537 sordidi
480 485 600 552 vecibus,
617 488 697 555 cujus
712 491 744 541 tu
759 506 794 542 ex
804 489 939 559 impuris·

83 561 158 613 simis
181 559 305 612 faucibus
329 560 581 614 inhonestissimam·
604 558 784 679 cupiditatem
813 567 940 635 eripuisti

84 654 189 690 summa
201 653 262 690 cum
277 636 425 705 acquitate.

135 713 201 765 Vll.
223 716 261 765 20.
283 713 360 765 Haec
373 717 504 767 eteetcra
521 713 603 781 plena
614 675 784 784 severitatis,
798 735 869 786 quae
886 723 940 773 sta·

83 788 180 843 tuisti
173 806 201 841 m
214 788 267 840 istu
280 789 426 856 provincia,
439 806 492 842 non
504 790 616 843 facile
595 807 654 844 srne
666 809 770 844 summa
779 793 940 862 integritate

83 867 284 920 sustineremus.
307 865 399 929 Quare
407 865 443 919 sit
451 883 555 919 summa
564 883 592 919 nr
597 884 662 934 Jure
670 867 788 920 denudo
798 871 938 940 severitas

83 943 229 995 dummodo
243 960 275 996 eu
286 959 323 995 ne
334 943 457 996 varietur
468 943 565 1010 gratia,
583 943 632 996 sed
648 947 824 998 conservetur
840 963 939 1017 aequa-

82 1017 151 1072 bilis.
187 1018 244 1072 Sed
255 1022 347 1073 tamen
360 1036 437 1088 parvi
429 1019 534 1071 refert
545 1018 593 1071 abs
605 1020 654 1072 te
646 1035 704 1087 1ps0
712 1019 761 1087 jus
773 1021 826 1074 diei
838 1038 938 1090 aequa-

82 1095 174 1150 biliter
187 1100 218 1151 et
229 1096 384 1166 diligenter,
399 1096 451 1149 nisi
464 1095 539 1148 idem
556 1094 590 1147 ab
606 1095 641 1147 iis
654 1095 705 1148 fiet
719 1090 820 1164 quibus
832 1100 863 1150 tu
878 1097 939 1165 ejus

82 1174 203 1228 muneris
216 1174 336 1244 aliquam
350 1177 460 1242 partem
478 1172 648 1225 concemcris.
688 1172 729 1224 Ac
744 1172 810 1224 mihi
825 1172 938 1240 quidem

82 1248 191 1303 videtur
210 1268 262 1303 nen
284 1267 348 1302 sune
369 1265 467 1314 magna
490 1247 608 1300 varietas
631 1264 690 1300 esse
714 1248 884 1315 negotiorum
908 1249 938 1302 in

82 1325 299 1378 administranda
319 1325 394 1389 Asia,
417 1323 465 1376 scd
484 1340 516 1375 ea
534 1326 594 1375 tcta
608 1323 801 1390 jurisdictione
818 1325 938 1378 maxime

83 1402 216 1454 sustineri.
252 1402 287 1453 In
299 1417 353 1468 qua
364 1399 494 1451 scientiae
506 1398 669 1466 praesertim
680 1400 854 1467 provincialis
865 1401 937 1474 ratio

82 1477 141 1542 ipsa
154 1475 284 1544 expedita
295 1478 354 1528 est:
371 1474 525 1526 constantia
542 1478 585 1527 est
601 1474 758 1529 adhibenda
773 1480 802 1530 et
816 1477 938 1544 gravitas

82 1568 153 1618 quae
166 1551 278 1604 resistat
289 1568 343 1603 non
356 1549 442 1602 selum
454 1550 560 1617 gratiae
572 1567 666 1603 venun
682 1552 766 1605 etiam
783 1552 936 1620 suspicioni.

82 1632 122 1680 21.
144 1625 331 1694 Adjungenda
345 1626 428 1678 etiam
446 1629 492 1678 est
503 1625 621 1678 facilites
635 1626 663 1679 in
678 1627 824 1696 audiendo,
838 1627 938 1682 lenitas

81 1703 108 1754 in
121 1702 302 1770 decernend0,
315 1702 343 1754 in
356 1700 548 1755 satisfaciendo
562 1718 593 1754 ac
607 1701 771 1771 disputando
787 1704 935 1772 diligentia

83 1779 135 1831 His
150 1778 233 1832 rebus
252 1795 340 1847 nuper
358 1778 386 1831 G
407 1778 535 1831 Octavius
550 1777 765 1845 jucundissimus
783 1779 842 1846 fuit,
862 1780 935 1848 apud

82 1871 164 1942 quem
188 1854 293 1923 primus
316 1853 396 1907 lictor
419 1854 530 1930 quievit,
555 1854 642 1907 tacuit
630 1858 808 1908 t·accensus
803 1855 938 1924 ,quoties

82 1930 199 1998 quisque
217 1930 304 1983 voluit
323 1929 394 1983 dixit
413 1932 442 1982 et
463 1945 545 1996 quam
566 1929 653 1983 voluit
673 1930 726 1983 diu
765 1930 869 1994 Quibus
889 1931 937 1984 illc

81 2005 164 2058 rebus
186 2006 301 2058 fortasse
320 2005 401 2058 nimis
425 2005 493 2058 lenis
512 2004 658 2074 videretur,
679 2006 731 2058 nisi
750 2006 818 2059 haec
838 2007 936 2060 lenitas

81 2081 154 2133 iilam
168 2081 343 2135 severitatem
356 2084 487 2134 tueretur.
514 2081 655 2149 (legebant
655 2099 688 2133 ur
643 2081 804 2134 tSullani
813 2081 936 2134 homines

82 2173 152 2223 quae
171 2174 221 2226 per
242 2157 297 2210 vim
317 2162 347 2210 et
364 2160 469 2210 metum
488 2157 657 2210 abstrdcrant
675 2156 800 2210 reddere.
837 2155 935 2220 Quin

81 2233 288 2301 magistratibus
299 2232 428 2302 injuriose
440 2232 627 2300 decreverant,
637 2233 733 2286 eodem
744 2232 812 2300 ipsis
820 2233 936 2301 priuatis

81 2314 140 2362 erat
148 2309 214 2378 jure
225 2310 383 2380 parendum
422 2310 499 2362 Haec
515 2309 588 2362 illius
602 2310 732 2363 severitus
749 2308 847 2362 acerba
861 2308 937 2361 vide-

81 2389 165 2451 retur,
183 2389 234 2440 nisi
252 2388 346 2440 multis
361 2387 542 2440 condimentis
558 2385 738 2439 humanitatis
753 2386 935 2452 mitigaretur.

81 2466 122 2512 22.
153 2462 232 2525 Quod
251 2464 273 2515 si
292 2464 359 2516 haee
379 2463 478 2521 lenitas
497 2465 576 2528 grata
598 2462 702 2516 Romae
722 2465 771 2528 est,
791 2461 837 2514 ubi
857 2464 936 2514 tanta

81 2538 236 2603 arrogantie
259 2542 309 2604 est,
333 2542 390 2590 tam
414 2536 597 2590 immoderate
614 2537 734 2605 libertas,
753 2541 810 2591 tam
829 2536 936 2588 infinite

82 2611 220 2665 hominum
237 2613 355 2678 licentia,
376 2612 496 2679 denique
511 2613 556 2664 tet
569 2614 755 2681 magistratus,
771 2615 814 2665 tot
828 2609 935 2672 auxilia

81 2691 158 2740 tenta
185 2688 225 2741 vis
252 2687 375 2757 [pepuli]‚
406 2690 486 2739 tanta
513 2686 630 2741 Senatus
658 2687 822 2751 auctoritus3
851 2701 934 2753 quam

79 2764 200 2827 iucunda
216 2765 328 2820 taudem
346 2761 480 2832 praeteris
498 2761 637 2815 comitas
628 2780 658 2816 m
675 2763 744 2817 Asia
757 2763 850 2830 potest
866 2776 933 2821 esse,

81 2842 108 2893 in
121 2860 175 2910 qua
186 2847 264 2898 tants
275 2837 454 2895 multitudo
433 2854 472 2890 en
474 2851 538 2902 rum
546 2839 627 2890 tante
637 2839 777 2902 socierum,
790 2839 834 2889 tet
845 2835 934 2899 urbes,

81 2923 125 2973 tot
136 2921 230 2977 civitat
218 2927 261 2976 tes
271 2921 351 2974 unius
363 2913 480 2970 heminis
491 2908 588 2965 nutum
601 2914 759 2978 intuentur;
753 2912 817 2965 ·ubi
829 2913 933 2966 nullum

56 2950 205 3117 basilium
230 3002 280 3065 est,
304 2997 382 3051 nuiiu
406 2988 573 3060 conquestio,
596 2991 686 3045 nulius
710 2991 835 3056 Senatus,
859 2990 935 3043 nulla

85 3067 174 3123 urio?
210 3074 308 3136 Quam
330 3091 419 3146 quum
440 3067 588 3142 permagni
606 3068 729 3124 heminis
748 3070 794 3121 est
811 3069 843 3119 et
862 3079 951 3129 uuum

56 3146 100 3188 '⁸³
125 3149 181 3198 1¹2⁶
182 3163 236 3203 Ura
262 3151 412 3210 moderati
437 3154 502 3208 tum
525 3165 596 3204 uere
618 3149 711 3205 etium
726 3141 861 3200 deutrum
877 3141 968 3203 ΜΨ
