2084 3404
259 111 349 162 ΟΑἸῸ
365 104 500 159 MAJOR.
535 109 610 158 OAP.
628 107 717 160 XIIIL
730 109 808 159 XIV.
922 114 954 163 la

107 191 301 259 Coruncanius,
313 192 362 261 qui
380 208 464 259 quum
477 207 512 244 ex
524 207 573 244 sua
588 190 652 257 vita,
664 194 724 245 tum
742 208 777 245 ex
794 189 855 260 ejus
871 187 954 260 quem

106 268 168 322 dico
188 269 218 322 P.
237 269 314 322 Decii
333 268 407 321 facto
433 267 596 336 judicabant
621 283 681 321 esse
704 268 826 336 profecto
850 267 955 337 aliquid

107 348 205 398 natura
225 345 368 413 pulchrum
392 347 476 412 atquo
495 342 665 412 praeclarum
691 344 765 411 quod
790 359 839 397 sua
857 346 954 411 sponte

106 423 257 489 peteretur,
270 419 399 488 quodque
410 423 504 488 spreta
515 423 545 473 et
562 422 719 487 contempta
730 419 872 487 voluptate
884 419 954 488 opti-

106 513 168 569 mus
196 496 312 565 quisque
342 500 509 564 sequeretur.
546 501 587 548 44.
618 494 752 559 Quorsum
782 494 869 562 igitur
897 498 955 547 tam

74 588 86 609 0
106 572 193 627 multa
205 571 241 626 de
252 571 413 640 voluptate?
449 571 518 635 Quia
530 588 584 624 nou
601 570 683 624 modo
695 570 861 639 vituperatio
873 570 954 636 nulla,

107 648 157 702 sed
169 648 252 701 etiam
264 664 369 700 summa
380 646 440 700 laus
452 646 601 701 senectutis
614 649 657 700 est
669 645 744 714 quod
757 662 789 699 ea
801 646 956 713 voluptates

107 724 195 777 nullas
207 740 305 791 magno
317 738 400 792 opere
413 722 559 776 desiderat.
591 725 632 777 At
644 726 719 776 earet
731 721 820 791 epulis
832 723 956 775 exstruc-

107 801 199 868 tisque
226 800 328 853 mensis
356 801 385 852 et
413 798 604 867 frequentibus
633 797 744 866 poculis.
778 798 862 851 Caret
891 813 956 864 ergo

108 876 191 929 etiam
205 875 354 929 vinolentia
373 878 402 929 et
416 874 553 928 cruditate
570 877 600 927 et
614 873 762 927 insomniis.
799 873 855 927 Sed
868 873 891 926 si
909 872 956 926 ali·

69 979 76 990 ·
108 951 175 1020 quid
188 951 308 1004 dandum
321 954 364 1005 cst
371 950 517 1018 uoluptati,
531 950 659 1018 quoniam
672 949 733 1017 ejus
749 948 891 1002 blanditiis
902 965 956 1001 nou

108 1027 186 1081 facile
210 1027 375 1095 obsistimus,
394 1026 485 1079 divine
509 1027 582 1078 onim
607 1024 686 1078 Plato
710 1041 799 1078 oscam
823 1025 956 1078 malorum

109 1103 229 1171 appellat
240 1102 416 1170 voluptatem,
429 1103 502 1170 quod
519 1118 551 1154 ea
569 1101 697 1153 videlicet
716 1101 839 1154 homines
852 1101 958 1167 capian-

110 1184 156 1232 tur
168 1182 200 1231 ut
211 1178 292 1230 hamo
300 1177 399 1245 pisces,
408 1192 573 1245 quamquam
585 1175 772 1228 immoderatis
784 1174 872 1242 epulis
882 1179 957 1229 caret

110 1256 242 1317 senectus,
271 1251 385 1305 modicis
415 1255 509 1305 tamen
538 1251 667 1303 conviviis
696 1253 789 1319 potest
818 1250 958 1303 delectari.
1026 1256 1030 1268 “

111 1329 141 1383 O.
153 1328 282 1396 Duilium,
294 1327 333 1380 M.
346 1327 383 1394 F„
397 1327 444 1396 qui
464 1326 570 1380 Poenos
587 1325 674 1379 classe
683 1326 795 1394 ‘primus
812 1325 957 1393 devicerat,

110 1405 275 1459 redeuntem
293 1421 310 1456 a
321 1419 406 1457 coena
417 1419 510 1456 senem
530 1419 611 1470 saepe
624 1401 750 1455 videbam
768 1403 851 1470 pueri
869 1401 957 1455 delec-

110 1481 221 1535 tabatur
233 1479 329 1533 crebro
341 1479 424 1532 funali
437 1481 467 1532 et
479 1478 590 1532 tibicine
601 1494 671 1547 quae
683 1477 735 1530 sibi
747 1478 821 1530 nullo
834 1477 957 1545 exemplo

110 1553 232 1626 privatus
244 1559 411 1624 sumpserat:
429 1559 536 1609 tantum
550 1555 675 1609 licentiae
689 1553 774 1607 dabat
785 1554 879 1622 gloria
916 1559 958 1606 45.

111 1633 166 1687 Sed
179 1631 247 1701 quid
258 1647 309 1698 ego
321 1631 404 1685 aliosl
442 1629 490 1683 Ad
508 1631 641 1700 meipsum
657 1630 717 1698 jam
730 1631 863 1683 revertar.
901 1628 958 1681 Pri-

111 1726 186 1762 mum
210 1706 293 1760 habui
321 1724 429 1775 semper
459 1707 572 1760 sodales.
609 1706 775 1760 Sodalitates
798 1709 890 1757 antem
914 1721 958 1758 me

111 1787 256 1852 quaestore
270 1783 434 1836 constitutae
447 1789 518 1849 sunt,
527 1782 612 1843 sacris
626 1781 719 1835 Idaeis
731 1781 848 1848 Magnae
861 1780 958 1832 Matris

111 1860 238 1928 acceptis.
273 1858 411 1928 Epulabnr
429 1858 514 1926 igitur
532 1875 593 1911 cum
614 1856 752 1911 sodalibus
774 1856 882 1909 ormino
903 1872 960 1909 mo

112 1936 179 2002 dice,
193 1934 242 1988 sed
260 1939 320 1987 erat
338 1934 450 2002 quidam
466 1934 556 1987 fervor
574 1933 747 2001 aetatisque
765 1932 959 2001 progrediente

112 2006 201 2064 omnia
213 2010 283 2063 liunt
294 2009 322 2063 in
335 2010 395 2064 dies
407 2009 523 2063 mitiora.
559 2009 657 2077 Neque
675 2008 747 2060 onim
764 2008 886 2076 ipsorum
898 2024 959 2060 con-

113 2086 244 2141 viviorum
276 2085 485 2140 delectationem
509 2083 697 2153 voluptatibus
727 2084 848 2152 corporis
874 2083 960 2150 magiis

113 2180 196 2231 quam
210 2166 291 2216 coetu
310 2162 456 2215 amicorum
472 2164 501 2214 et
521 2158 691 2213 sermonibus
707 2158 849 2212 metiebar.
885 2158 961 2211 Beno

113 2239 184 2292 enim
198 2237 316 2305 majores
328 2237 413 2288 nostri
431 2234 629 2288 accubitionem
647 2234 786 2301 epularem
805 2232 960 2299 amicorum,

114 2313 180 2380 quia
196 2314 269 2364 vitae
290 2310 510 2378 conjunctionem
531 2308 653 2374 haberet,
673 2307 824 2361 convivium
843 2307 962 2360 nomina

114 2390 192 2451 1u11t;
211 2385 306 2438 melius
319 2401 400 2453 qnam
414 2384 511 2437 Graeci
524 2383 572 2451 qui
591 2383 642 2436 hoc
657 2381 731 2435 idem
748 2385 808 2436 tum
826 2387 962 2451 compota-

114 2462 225 2527 tionem‚
250 2465 310 2514 tum
334 2459 571 2513 concoenationem
595 2461 707 2523 vocant3
732 2462 763 2512 ut
786 2457 862 2528 quod
883 2459 912 2513 iu
931 2477 963 2514 eo

115 2555 215 2607 genere
228 2537 371 2590 minimum
385 2535 468 2590 estid
481 2535 599 2597 maxime
611 2533 735 2603 probare,
740 2534 893 2590 videantur.

168 2613 246 2668 XIV.
281 2619 323 2667 46.
358 2613 417 2680 Ego
435 2628 499 2666 vero
517 2618 632 2680 propter
649 2611 782 2665 sermonis
803 2612 963 2666 delectatio-

114 2698 177 2745 bem
196 2689 367 2758 tempestivis
392 2704 500 2757 quoque
524 2686 653 2741 conviviis
677 2686 805 2754 delector,
828 2704 878 2741 nec
901 2704 962 2740 cum

107 2765 274 2835 ‘aequalibus
287 2766 373 2820 solum
391 2765 438 2832 qui
456 2764 535 2833 pauci
547 2763 697 2817 admodum
709 2768 820 2827 restant,
834 2763 884 2815 scd

115 2846 207 2895 vestra
225 2841 309 2896 etiam
327 2844 418 2894 aetate
435 2845 520 2908 atque
539 2838 854 2904 vobiscum3l1ebcoquo

115 2917 169 2971 tuti
188 2933 315 2984 magnam
335 2911 452 2984 gratiam
474 2932 544 2984 quae
564 2914 633 2969 milri
650 2914 791 2966 sermonis
808 2911 893 2957 aaa&
966 2923 982 2948 «ι

933 3042 956 3073 Ἰ

31 2985 34 2990 ’
115 2993 193 3046 auxit
220 2992 341 3062 potionis
360 2997 391 3050 et
410 2992 469 3049 cibi
488 2992 618 3048 sustul'm.
652 2985 744 3049 (Μὰ
763 2982 793 3029 *b
809 2988 905 3055 spem

107 3068 164 3122 ista
176 3067 330 3143 delectant,
343 3090 382 3128 ne
396 3073 514 3129 omniuo
523 3057 806 3125 bellumind'mixsss
812 3041 940 3147 subeat*
952 3101 988 3135 w

98 3145 160 3217 ⁴tati
176 3147 261 3216 cujus
280 3155 331 3210 est
348 3152 445 3212 etiam
465 3151 600 3207 iortasse
622 3135 755 3210 quidam
777 3119 863 3172 aas
