2084 3404
98 135 129 182 10
327 127 365 175 M.
383 126 510 176 TULLII
528 122 715 173 CICERONIS

97 209 263 263 audientiam
278 205 375 260 diserti
389 204 461 259 senis
475 208 584 280 compta
596 207 625 258 et
638 203 713 258 mitis
725 204 818 259 oratio.
856 204 943 268 Quam

98 286 120 337 si
133 284 191 353 ipsc
201 283 315 351 exsequi
326 298 452 349 nequeas,
460 282 547 350 possis
559 284 652 334 tamen
662 281 779 350 Scipioni
789 283 944 350 praecipue

98 363 128 413 et
144 359 261 414 Laelio.‘
282 358 355 423 Quid
369 358 440 411 enim
453 356 600 424 jucundius
617 360 757 411 senectute
772 359 873 426 stipata
889 363 944 411 stu-

99 435 152 489 diis
166 433 337 503 juventntisl
374 439 414 486 29.
438 435 485 486 An
496 449 531 485 nc
544 449 590 485 eas
603 432 714 501 quidem
726 432 798 487 vires
811 434 944 487 senectuti

99 510 284 579 relinquemus
296 514 327 562 ut
339 507 554 562 adolescentulos
564 508 666 574 doceat,
678 509 812 577 instituet,
820 509 856 563 ad
865 526 945 563 omne

100 586 179 640 officii
194 602 292 639 munus
306 584 440 637 instructi
478 582 537 646 Quo
552 583 663 651 quidem
678 601 760 653 opere
772 584 840 654 quid
855 588 946 654 potest

100 679 161 716 csse
175 658 356 729 praeclariusl
393 658 461 711 Mihi
476 675 541 711 vero
558 658 605 712 Cn.
618 662 648 712 ct
664 659 694 715 P.
708 660 846 728 Scipiones
861 665 890 715 et
904 661 947 714 avi

103 737 142 791 tui
154 737 215 802 duo,
229 735 259 791 L.
275 734 410 788 Aemilius
422 738 451 787 et
464 733 494 788 P.
509 734 661 802 Africanus,
674 735 804 788 comitatu
815 737 947 790 nobilium

98 813 230 881 juvenum
242 810 375 865 fortunati
387 809 550 863 ridebantur
557 830 564 874 ;
581 825 632 862 nec
641 809 691 862 ‘ulli
704 809 835 865 bonarum
847 813 948 866 artium

102 887 225 953 magistri
239 902 293 938 non
308 884 383 939 beati
400 885 522 953 putandi,
536 885 659 953 quamvis
674 887 864 940 consenuerint
877 888 948 941 vires

103 967 186 1033 atque
197 962 357 1016 defecerint.
393 961 453 1015 Etsi
468 962 521 1014 ista
535 961 594 1029 ipsa
606 960 723 1014 deiectio
735 961 832 1015 sirium
845 964 949 1018 adoles-

103 1040 207 1093 centiae
225 1037 300 1092 vitiis
317 1038 434 1092 efficitur
453 1038 559 1106 saepius
578 1055 660 1106 quam
679 1039 842 1103 senectutis;
860 1038 950 1093 libidi-

103 1129 169 1167 nosa
186 1112 258 1167 enim
276 1115 305 1167 et
322 1113 506 1182 intemperans
524 1111 707 1167 adolescentia
725 1113 835 1166 effetum
853 1131 950 1183 corpus

104 1190 190 1243 tradit
202 1189 343 1252 senectuti.
363 1194 415 1243 ·30.
434 1189 518 1257 Cyrus
532 1189 643 1257 quidem
655 1189 729 1258 apud
741 1189 951 1258 Xenophontem

105 1281 137 1318 co
150 1282 272 1319 sermone
282 1282 363 1334 quem
375 1265 493 1318 moriens
504 1264 608 1332 habuit,
616 1260 700 1332 quum
709 1265 856 1319 admodum
868 1283 951 1320 senex

105 1345 186 1408 esset,
198 1344 282 1407 negat
294 1358 324 1394 se
336 1358 455 1408 unquam
469 1341 585 1394 sensisse
597 1344 766 1395 senectutem
779 1358 855 1394 suam
863 1337 952 1394 'imbe-

106 1416 236 1469 cilliorem
247 1415 347 1468 factam
359 1431 442 1482 quam
454 1414 636 1468 adolescentia
647 1414 751 1468 fuisset.
783 1416 842 1482 ligo
850 1415 883 1468 L.
894 1415 952 1468 Me

107 1489 201 1544 tellum
219 1490 329 1543 memini
347 1505 422 1557 puer,
442 1491 489 1558 qui
507 1507 591 1558 quum
609 1489 788 1558 quadriennio
806 1494 868 1558 post
885 1490 953 1544 alte-

107 1583 168 1619 rum
184 1565 352 1620 consulatum
371 1564 498 1618 Pontifex
516 1565 652 1618 Maximus
666 1564 754 1617 factus
769 1568 842 1619 essct
857 1565 952 1632 viginti

108 1646 137 1694 ct
149 1642 217 1694 duos
230 1656 314 1694 annos
326 1638 351 1692 ci
364 1639 525 1692 sacerdotio
533 1639 660 1707 praefuit,
675 1639 715 1693 ita
729 1639 807 1693 bonis
820 1657 879 1693 esse
891 1640 953 1693 viri-

108 1716 160 1770 bus
176 1720 300 1770 extremo
314 1718 439 1783 tempore
455 1715 555 1768 aetatis
569 1717 602 1767 ut
618 1714 829 1769 adolescentiam
845 1731 898 1768 non
914 1731 954 1768 re

110 1793 237 1860 quireret.
280 1789 357 1844 Nihil
376 1805 486 1843 necesse
505 1793 548 1843 est
571 1789 638 1842 mihi
657 1788 693 1842 de
711 1806 755 1842 mo
774 1791 831 1858 ipso
850 1790 954 1856 dicere3

110 1882 273 1935 quamquam
288 1868 331 1919 est
347 1865 376 1918 id
392 1865 502 1933 quidem
514 1865 598 1919 senile
614 1865 753 1933 aetatique
771 1868 882 1919 nostrae
896 1882 956 1920 eon-

110 1942 223 1996 ceditur.
570 1976 572 1981 «
768 1970 770 1977 =
871 1964 873 1969 ·

162 2016 196 2070 X.
232 2021 271 2070 31.
302 2017 446 2070 Videtisne
469 2020 501 2070 ut
524 2017 598 2084 apud
622 2018 774 2072 Homerum
798 2018 956 2087 saepissimo

111 2091 212 2146 Nestor
235 2092 271 2145 de
294 2091 442 2145 virtutibus
463 2092 519 2146 suis
538 2092 696 2160 praedicet?
739 2094 859 2148 Tertiam
884 2093 956 2147 enim

107 2167 166 2235 jam
184 2170 304 2222 aetatem
323 2166 462 2221 hominum
482 2167 599 2234 vivebat,
616 2184 667 2221 nec
686 2171 746 2222 erat
765 2170 791 2222 ci
807 2167 957 2222 verendum

110 2259 145 2296 ne
163 2259 228 2296 vera
246 2243 407 2312 praedicans
425 2243 460 2297 de
478 2261 507 2298 se
523 2243 605 2298 nimis
617 2243 761 2298 videretur-
775 2247 823 2298 aut
839 2243 957 2298 insolens

110 2323 159 2371 aut
174 2319 284 2386 loquax.
321 2319 438 2386 Etenim,
460 2322 492 2372 ut
512 2321 551 2374 ait
567 2320 713 2387 Homerus,
732 2337 768 2374 cx
788 2320 848 2388 ejus
866 2319 958 2388 lingua

110 2395 190 2447 melle
203 2394 307 2448 dulcior
322 2395 426 2448 fluebat
443 2395 537 2463 oratio,
557 2413 639 2465 quam
651 2396 688 2450 ad
702 2397 865 2451 suavitatem
877 2396 958 2449 nullis

111 2468 210 2534 egebat
234 2471 354 2537 corporis
374 2471 491 2525 viribus:
517 2474 660 2526 ettamen
681 2472 738 2526 dux
761 2473 807 2526 ille
829 2471 959 2525 Graeciae

111 2558 245 2610 nusquam
264 2546 342 2611 optat
364 2548 397 2596 ut
413 2545 508 2612 Ajacis
523 2545 626 2598 similes
640 2546 741 2600 habeat
759 2547 862 2611 decem,
880 2547 909 2598 at
926 2547 958 2598 ut

112 2617 246 2685 Nestoris,
264 2617 338 2685 quod
356 2618 378 2671 si
396 2619 534 2683 acciderit,
547 2635 600 2672 non
615 2620 725 2674 dubitat
743 2621 810 2688 quin
827 2619 905 2672 brevi
923 2619 959 2672 sit

113 2691 194 2760 Troja
216 2692 348 2761 peritura.
397 2698 436 2747 32.
479 2693 534 2747 Sed
557 2693 641 2748 redeo
664 2693 702 2748 ad
724 2711 777 2749 me.
825 2694 958 2759 Quartum

112 2784 214 2821 annum
237 2784 288 2835 ago
312 2770 341 2821 ct
365 2769 572 2835 octogesimum:
601 2769 700 2824 vellem
730 2769 858 2838 equidem
886 2768 958 2822 idem

112 2859 192 2912 posse
203 2842 400 2912 gloriariquod
412 2843 511 2911 Cyrus:
529 2843 580 2898 sed
594 2847 687 2898 tamen
705 2845 757 2898 hoc
775 2861 845 2912 queo
860 2845 959 2910 dicerc,

112 2935 167 2972 non
183 2935 228 2973 me
246 2918 358 2988 quidem
375 2917 409 2972 iis
426 2934 486 2973 esse
503 2919 608 2974 viribus
625 2921 725 2988 quibus
737 2924 786 2973 aut
798 2921 876 2974 miles
888 2919 960 2973 bello

94 2989 205 3040 Peneo
222 2997 275 3044 aut
291 3003 426 3062 quaestor
442 2995 542 3051 eodem
567 2995 640 3052 bello
662 2999 711 3052 aut
734 2995 830 3050 consul
850 2996 883 3047 in
897 2995 964 3046 llis-

68 3059 162 3136 ,venre
171 3061 288 3133 fueram,
304 3071 357 3123 aut
368 3072 563 3140 quadriennio
574 3077 643 3146 post
660 3090 749 3145 quum
759 3072 897 3128 tribunus
904 3067 980 3121 mili-

60 3117 135 3174 taras
145 3127 318 3200 depugnari
326 3145 412 3213 apud
427 3149 711 3226 Thermopylasll’.
727 3143 997 3209 sciscitassem
