2084 3404
272 132 529 181 EPISTULARUM
546 133 648 182 LIBRI
667 135 747 185 DL'O.
888 139 933 205 lli

21 221 25 228 ’
83 212 169 278 duao3
190 215 304 281 repento
323 211 461 264 Antonius
478 212 506 264 in
524 212 610 266 aciem
631 229 692 266 suas
712 214 803 282 copias
823 213 858 266 de
877 215 936 266 sico

83 290 213 358 produxit
225 292 253 342 ct
270 289 328 341 sine
345 304 429 341 nrora
439 287 582 342 concurrit.
619 288 711 341 Primo
728 289 768 342 ita
784 295 935 356 pugnatum

83 369 126 419 est
138 369 169 418 ut
182 365 270 418 acrius
283 381 336 416 non
348 367 442 431 posset
459 371 494 417 e'x
510 368 628 432 utraque
645 369 724 431 parte
742 367 870 432 pugnari:
884 365 936 418 etsi

83 440 224 508 dexterius
237 440 367 506 cornuin
383 456 436 508 quo
452 456 503 507 ego
521 456 596 493 eram
613 457 675 492 cum
691 439 809 492 Martiae
824 441 937 507 legionis

84 516 240 580 cohortibus
252 519 321 584 octo,
336 515 441 584 impetu
455 516 543 583 primo
557 515 700 583 fugaverat
712 515 845 583 legionem
862 532 938 569 xxxv

87 593 207 660 Antonii,
219 597 251 646 ut
263 592 380 661 amplius
392 591 688 661 passusy[quingent0s]
700 592 773 645 ultra
786 593 871 646 aciem
884 609 938 660 quo

84 669 143 723 loeo
155 672 272 723 steterat
284 669 454 737 processerit.
486 669 586 736 ltaque
599 685 684 737 quum
697 669 804 737 equites
815 679 937 722 nostrum

44 807 51 818 ,
85 762 169 799 cornu
189 746 331 799 circumire
352 745 462 810 vellent,
483 745 606 813 recipere
627 762 671 798 me
696 745 774 814 coepi
798 749 827 799 et
850 746 938 797 lovem

85 826 252 875 armaturam
270 837 406 890 opponere
428 821 587 874 Maurorum
606 820 754 888 equitibus,
773 838 808 874 nc
829 836 939 874 aversos

85 902 192 951 nostros
213 897 437 966 aggrederentur.
474 897 590 950 Interim
611 895 690 950 video
714 913 759 950 me
783 914 842 950 esse
866 898 944 949 inter·

40 996 43 1000 ’
87 974 257 1027 Antonianos
273 973 476 1041 Antoniumque
489 976 553 1040 post
567 989 611 1025 me
628 989 688 1026 esse
703 972 850 1049 aliquanto.
887 971 940 1024 lle-

86 1054 169 1121 pente
191 1065 292 1118 equum
311 1048 411 1101 immisi
430 1049 466 1101 ad
486 1065 545 1102 eam
569 1049 702 1115 legionem
725 1049 845 1101 tironum
870 1061 960 1116 quae·

64 1185 67 1192 ¹
86 1125 224 1183 veniebat,
235 1142 270 1179 ex
290 1124 393 1192 eastris,
410 1128 487 1177 scuto
502 1123 613 1191 rejecto.
645 1124 795 1177 Antoniani
812 1141 856 1176 me
870 1124 942 1177 inse-

87 1200 149 1268 qui:
173 1202 260 1255 nostri
281 1201 337 1270 pila
356 1200 491 1268 conjicere
510 1199 586 1253 velle.
624 1200 670 1252 Ita
690 1199 782 1252 neseio
806 1216 860 1267 quo
884 1199 942 1252 fato

88 1293 148 1329 sum
161 1280 293 1345 servatus,
306 1276 453 1345 quodsum
466 1276 521 1328 cito
533 1292 549 1328 a
561 1275 663 1328 nostris
675 1276 808 1342 cognitus.

141 1353 175 1406 In
196 1354 255 1421 ipsa
269 1352 392 1417 Aemilia,
404 1352 450 1405 ubi
469 1351 565 1406 cohors
578 1351 701 1404 Caesaris
720 1350 858 1419 praetoria
875 1354 943 1420 erat,

89 1427 136 1481 diu
148 1432 358 1497 pugnatumest.
388 1429 478 1482 Cornu
488 1428 640 1482 sinisterius
650 1427 724 1495 quod
734 1432 794 1497 erat
802 1427 954 1490 infirmius·

88 1504 135 1556 ubi
160 1505 277 1559 Martiae
300 1505 414 1572 legionis
439 1505 509 1558 duae
534 1504 658 1558 cohortes
683 1507 762 1557 erant
787 1507 815 1558 et
847 1503 943 1557 cohors

88 1581 232 1648 praetoria,
249 1581 348 1649 pedem
365 1581 468 1634 referre
487 1584 641 1650 coeperunt,
666 1580 739 1649 quod
763 1579 798 1634 ab
817 1580 943 1649 equitatu

88 1655 302 1709 circumibantur
313 1673 368 1723 quo
380 1657 424 1709 vel
436 1657 583 1726 plurimum
595 1656 670 1710 valet
684 1658 827 1710 Antonius
854 1657 943 1721 Quum

89 1747 182 1784 omnes
194 1747 224 1784 se
239 1731 405 1798 recepissent
422 1732 508 1784 nostri
524 1726 642 1799 ordines,
659 1733 785 1804 recipere·
796 1749 841 1785 me
857 1732 944 1785 novis-

89 1806 174 1860 simus
186 1806 262 1875 coepi
274 1805 310 1858 ad
322 1810 419 1859 eastra.
451 1807 589 1860 Antonius
601 1810 742 1874 tamquam
754 1808 842 1859 victm
854 1811 944 1860 castra

89 1883 198 1951 putavit
210 1898 239 1935 se
251 1897 331 1949 posse
344 1897 457 1949 capere;
475 1897 529 1948 quo
543 1897 627 1949 quum
639 1882 722 1948 venit,
737 1882 890 1949 complures
904 1882 944 1935 ibi

90 1958 190 2022 amisit,
213 1973 264 2010 nec
287 1957 344 2024 egit
368 1956 525 2025 quidquam.
563 1956 671 2010 Audita
693 1974 724 2011 re
748 1957 858 2012 Hirtius
882 1974 944 2011 cum

91 2033 248 2087 cohortibus
266 2031 364 2100 viginti
388 2032 525 2086 veteranis
550 2032 677 2086 redeunti
702 2033 822 2086 Antonio
845 2034 873 2087 in
896 2050 945 2087 sua

91 2113 181 2164 castra
198 2109 323 2175 occurrit,
342 2108 488 2177 copiasque
507 2107 567 2177 ejus
585 2125 678 2162 omnes
694 2109 805 2176 delevit,
824 2109 944 2176 fugavit;

92 2186 245 2254 eodemque
257 2187 323 2251 loeo,
335 2184 383 2238 ubi
396 2189 455 2238 erat
467 2188 626 2252 pugnatum,
635 2185 672 2237 ad
685 2184 785 2237 Forum
797 2184 944 2253 Gallorum,

94 2262 231 2315 Antonius
242 2278 303 2314 cum
316 2260 456 2328 equitibus
471 2260 538 2312 hora
552 2260 640 2312 noctis
655 2263 753 2326 quarta
765 2275 797 2329 ¹se
813 2260 841 2312 in
856 2265 946 2314 eastra

93 2348 142 2390 sua
160 2337 196 2389 ad
216 2336 351 2389 Mutinam
370 2334 482 2403 reecpit.
519 2335 629 2388 Hirtius
648 2335 676 2387 in
696 2351 729 2387 ea
749 2337 839 2388 eastra
862 2335 945 2390 rediit

92 2412 166 2466 uude
179 2412 268 2464 Pansa
275 2412 388 2475 exierat,
397 2410 444 2463 ubi
454 2411 524 2477 duas
533 2410 653 2477 legiones
665 2410 815 2479 reliquerat
827 2428 898 2479 quae
910 2412 946 2465 ab

95 2487 215 2542 Antonio
227 2490 306 2541 erant
318 2491 498 2555 oppugnatae.
527 2486 571 2540 Sic
579 2489 685 2554 partem
695 2485 826 2554 majorem
836 2504 946 2541 suarum

93 2564 231 2632 copiarum
245 2562 382 2615 Antonius
396 2563 487 2615 arrrisit
501 2566 700 2616 veteranarum.
735 2561 795 2616 Nec
809 2563 839 2616 id
854 2567 946 2617 tamen

94 2641 152 2694 sine
170 2639 262 2707 aliqua
275 2637 386 2703 jactura
405 2637 555 2691 cohortium
575 2638 775 2706 praetoriarum
790 2644 945 2693 nostrarum

94 2714 249 2783 et'legionis
270 2713 388 2766 Martiae
406 2713 466 2766 lieri
489 2713 587 2783 potuit.
625 2713 742 2782 Aquilae
766 2715 845 2783 duae,
870 2716 947 2782 signa

95 2793 237 2860 sexaginta
258 2793 321 2844 sunt
348 2790 435 2844 relata
454 2791 576 2844 Antonii.
620 2789 677 2843 Res
697 2790 767 2844 bene
793 2794 872 2859 gesta
897 2794 946 2845 est.

96 2869 130 2921 A.
143 2869 168 2922 d.
181 2883 230 2921 x11.
244 2865 382 2922 Kalendas
395 2864 491 2934 Maias,
504 2883 538 2920 ex
550 2866 655 2920 castris.

97 3054 100 3059 ι
137 2989 175 3037 19.
209 2988 247 3037 Μ.
261 2987 388 3037 CICERO
400 2981 924 3038 S.D.D.BRWYQXMY.QQQWQ

365 3090 415 3152 (nr.
429 3092 472 3140 M.
513 3098 583 3138 au.
594 3097 620 3133 u.
635 3079 715 3140 'tm
966 3145 989 3176 ἡ

80 3180 149 3236 Tres
164 3200 221 3240 rnre
235 3186 319 3245 dica
332 3193 367 3246 te
379 3190 485 3262 accepi
502 3181 653 3257 epistolas
661 3197 674 3242 ·,
686 3182 787 3227 unm
793 3157 936 3260 *2¹52ss
949 3151 984 3265 ᾗ
