2084 3404
215 141 222 151 ·
292 102 551 176 neronomnun
568 127 672 176 nunu
689 128 772 178 nuo.
911 133 958 180 ns

20 249 24 254 -
106 208 218 263 Servius
237 211 331 263 umen
350 212 414 261 tuus
433 206 559 261 omnibus
580 208 681 275 officiis,
696 226 767 277 quae
784 209 825 263 illi
841 212 960 281 tempori

104 284 191 338 tribui
202 288 361 352 potuerunt,
374 283 525 337 declaravit
537 288 567 337 et
579 283 676 352 quanti
687 284 746 352 ipse
757 300 802 338 mc
813 284 919 340 laceret
932 290 961 341 et

105 377 188 429 quom
202 377 284 414 suum
296 360 381 414 talem
393 376 516 428 ergemo
528 361 648 412 animum
660 359 712 412 tibi
724 362 835 428 gralm
851 366 961 428 putaret

12 446 39 471 ·'
104 438 183 503 sore;
206 436 286 505 eujus
302 437 389 490 officia
402 435 568 503 jucundiora
584 435 649 489 licet
667 452 748 504 saepe
767 435 834 488 mihi
854 435 962 503 fuerint,

105 530 254 582 numquam
270 511 509 580 tamengratioru.
545 511 593 565 Me
615 515 709 565 sutem
727 528 781 564 non
805 511 894 564 oratio
915 516 961 567 oua

104 589 192 643 solum
204 593 234 644 et
245 591 361 643 societas
372 605 459 657 paene
469 587 649 655 aegritudinis
659 587 709 641 sed
719 588 803 641 etium
813 588 962 642 auctoritas

103 666 266 720 consoletur.
303 665 394 732 Turpe
409 665 483 717 enim
500 680 561 716 csse
574 665 701 716 existimo
713 680 758 717 me
770 680 824 716 non
837 663 877 717 ito
890 663 962 717 lcrre

103 759 197 795 essum
215 759 313 807 meum,
331 745 363 795 ut
382 746 413 794 tu
431 740 481 792 tali
499 739 634 808 sapientia
653 740 794 808 praeditus
817 739 960 793 ferendum

103 810 193 886 putes.
231 817 287 871 Sed
307 817 446 886 opprimor
466 816 605 869 interdum
627 820 657 868 ct
676 817 720 868 rix
742 816 840 870 resisto
866 815 963 869 dolori.

103 894 180 961 quod
195 911 229 948 ea
245 911 289 947 me
305 893 402 947 solutio
420 892 551 946 deliciunt
567 910 640 962 qnae
651 893 751 946 ceteris
764 909 879 962 quornm
894 892 959 946 milri

102 970 229 1038 exemplo
240 982 362 1040 propono
375 969 456 1022 simili
468 970 496 1020 in
509 969 618 1022 fortune
630 986 683 1021 nou
696 969 849 1022 doluerunt.
889 968 959 1022 Nom

103 1050 134 1100 ct
151 1045 181 1110 Q.
197 1047 342 1111 Maximus,
356 1046 403 1113 qui
420 1045 506 1097 lilium
523 1045 699 1110 ansularum,
713 1045 815 1098 elemrn
830 1044 917 1097 rirurn
930 1048 960 1099 et

103 1123 210 1190 rnngnis
232 1122 316 1175 rebus
338 1120 428 1188 gestis
451 1121 558 1184 omisit;
586 1124 616 1173 ct
636 1121 664 1173 L.
693 1120 810 1187 Paullus,
833 1119 880 1187 qni
903 1120 959 1173 dns

26 1194 33 1207 '
102 1202 210 1266 septem
223 1197 335 1268 diebus;
352 1200 381 1249 et
394 1199 486 1249 voster
498 1196 598 1262 Gallus,
612 1201 641 1249 ct
654 1195 691 1249 n.
703 1196 781 1259 Cato,
792 1194 839 1263 qui
854 1211 959 1250 sunsrno

102 1274 221 1341 iugenio,
237 1290 342 1326 summo
358 1272 460 1324 virtute
476 1271 562 1327 filium
576 1270 771 1341 perdidit-iis
787 1270 958 1338 temporibus

103 1349 216 1403 luerunt
232 1354 264 1402 ut
276 1354 374 1402 'eorum
388 1349 492 1402 luctum
503 1348 625 1417 ipsorum
639 1347 759 1415 dignitas
772 1346 958 1401 consolaretur

102 1442 137 1478 co
154 1443 235 1494 quom
254 1443 288 1480 cx
306 1442 337 1478 rc
353 1424 469 1493 publico·
485 1424 729 1492 consequclmntur.
769 1421 838 1476 Mihi
856 1427 956 1490 neuun,

102 1503 209 1555 oririssis
223 1502 390 1556 ornamentis
406 1501 440 1553 iis
456 1518 526 1569 quoe
543 1502 602 1570 ipsc
617 1516 812 1554 ccnnmemoras
830 1516 956 1569 quemquo

101 1594 177 1631 eram
195 1579 321 1632 maximis
339 1577 478 1631 laboribus
496 1577 622 1645 adeptus,
640 1594 723 1629 unnrn
741 1575 869 1630 mnnelnst
889 1575 956 1631 illud

101 1653 229 1708 solatium
248 1655 322 1723 quod
345 1657 472 1723 creptum
490 1658 540 1706 est
577 1653 639 1705 Non
659 1653 807 1706 amicorum
831 1653 956 1721 negotiis,

102 1744 156 1782 nou
164 1731 204 1783 roi
213 1730 338 1798 publium
345 1728 536 1797 procuratione
544 1727 767 1795 impediebantur
777 1728 954 1794 cogitationes

102 1821 193 1860 nrenc:
218 1807 285 1858 nihil
306 1805 334 1857 in
353 1806 412 1857 loro
436 1820 518 1871 agero
540 1803 660 1866 libobot;
685 1803 827 1869 dispicere
852 1803 953 1855 curioni

101 1897 155 1934 non
172 1885 310 1948 poteram3
329 1879 527 1945 existimabam,
541 1878 570 1930 id
586 1878 660 1946 qood
676 1881 742 1943 eret,
757 1892 851 1929 ‹nnneo
868 1893 912 1931 nro
923 1882 953 1931 et

101 1955 253 2010 industriae
275 1971 352 2009 mooe
377 1954 483 2006 fruetus
505 1959 536 2007 ct
554 1954 680 2011 fortunae
700 1951 860 2022 perdidisse.
897 1953 953 2007 Sed

101 2048 187 2101 quum
211 2032 358 2100 cogitarem
377 2030 443 2084 haee
465 2030 531 2083 mihi
551 2035 641 2084 tecum
662 2033 691 2084 ct
709 2046 770 2083 curn
790 2027 952 2097 quibusdam

100 2123 161 2162 csse
178 2108 337 2173 communia,
350 2111 378 2161 et
395 2123 479 2177 quum
496 2106 650 2175 frangerem
662 2106 721 2173 jem
737 2106 798 2173 ipse
813 2120 857 2157 mo
875 2121 952 2173 orgo-

100 2199 214 2252 remque
230 2183 277 2236 illa
289 2185 363 2238 ferre
379 2183 535 2246 toleranter,
548 2181 683 2234 lrnbclrnn
699 2196 753 2249 quo
771 2180 950 2245 confugerem,

100 2258 148 2312 ubi
160 2260 387 2330 conquiescerem,
399 2259 478 2325 eujus
489 2258 517 2308 in
530 2272 655 2319 sermono
668 2260 698 2309 ct
710 2254 845 2307 suavitate
858 2271 950 2307 onnrco

99 2351 180 2388 curus
207 2334 368 2402 doloresque
392 2333 564 2402 deponerem.
601 2330 680 2385 Nunc
703 2333 796 2383 eutem
821 2329 871 2381 lroc
895 2334 949 2385 turn

99 2411 177 2480 gravi
195 2410 305 2465 vulnere
324 2409 406 2463 etium
424 2409 477 2473 illo,
497 2425 566 2476 quim
585 2407 758 2461 corrsanuisoe
781 2405 949 2463 videbuntur.

100 2486 302 2541 recrudescunt.
340 2485 365 2538 N
367 2502 401 2538 on
415 2485 493 2549 eninr,
507 2489 537 2537 nt
549 2487 607 2536 turn
620 2501 664 2536 nro
676 2500 693 2537 e
704 2499 734 2536 ro
746 2480 854 2550 publico
867 2499 950 2537 rueres·

100 2568 158 2616 tum
172 2563 268 2615 domus
281 2560 434 2629 excipiebat
446 2578 516 2630 quoe
528 2560 639 2628 levaret,
653 2559 692 2613 sic
703 2576 774 2613 nunc
787 2558 866 2612 enno
879 2577 950 2614 nurev

100 2657 162 2694 rcus
175 2639 281 2694 adrem
294 2637 430 2707 publicani
439 2637 583 2705 confugere
592 2649 703 2706 possum
716 2637 786 2691 utin
801 2635 861 2704 ejus
872 2637 951 2689 lnnris

99 2717 277 2784 acquiescam.
315 2715 415 2782 ltaque
432 2717 461 2767 et
478 2714 557 2766 donno
574 2714 669 2767 obsum
687 2716 716 2766 et
730 2713 796 2777 soro,
810 2712 885 2779 quod
902 2728 951 2765 noc

99 2808 161 2845 eum
175 2793 296 2846 dolorem
309 2808 391 2860 quem
404 2808 420 2844 o
432 2808 462 2844 ro
474 2790 582 2860 publicu
594 2791 670 2858 cupio
683 2788 780 2842 domus
788 2786 848 2853 jorn
859 2802 950 2857 conm-

99 2867 150 2920 lari
164 2871 263 2936 potest,
276 2885 326 2922 nce
342 2868 520 2921 domesticum
533 2864 704 2934 respublica.
743 2862 802 2925 Quo
818 2861 905 2927 mugio
922 2865 950 2915 te

99 2947 236 3010 exspecto,
259 2948 343 3011 teque
367 2944 460 2995 vidoro
485 2959 566 3010 qinein
590 2939 709 3009 primum
731 2937 819 3002 cupio.
861 2937 951 3000 Mu'uu

97 3017 166 3070 milri
177 3017 278 3074 levatio
287 3019 382 3074 afferri
393 3019 471 3074 nullu
481 3021 579 3088 potest
590 3030 679 3085 uuum
688 3009 853 3075 coniunxerim
861 3020 979 3054 ossus.-

91 3094 198 3149 tudinis
208 3112 437 3171 sermonumque
447 3100 639 3152 nostrorum,
656 3095 841 3156 odmundum
849 3070 1007 3136 *nffiffim

81 3171 166 3229 tuum
194 3172 371 3250 adventum,
398 3178 444 3238 sio
470 3174 555 3236 cmm
580 3163 761 3227 toutonem,
781 3141 1007 3216 numm&
