2084 3404
132 136 178 182 110
353 125 740 176 M.TULL11010ERON1s
792 164 796 169 .
870 95 872 100 ’

130 212 289 278 legatorum,
298 208 344 276 qui
352 207 421 280 quid
428 207 690 276 egissentnihildum
697 207 883 263 nuntiabatur.
905 210 984 266 Hace

131 290 223 339 tamen
235 284 380 339 scribenda
392 285 563 339 existimavi:
581 285 708 352 primum,
722 283 750 337 S.
763 284 793 337 P.
807 285 838 350 Q.
850 285 883 339 R.
900 285 936 340 de
953 292 984 342 te

130 362 261 427 laborare,
274 378 328 414 uon
340 361 427 414 solum
437 354 534 414 salutis
546 377 612 416 suae
630 376 711 413 causa
728 359 777 414 sed
793 361 876 415 etiam
894 361 984 432 digni-

131 439 196 491 tatis
209 442 280 492 tuae.
295 433 299 440 ’
316 437 496 491 Admirabilis
511 436 583 490 enim
599 440 642 489 est
658 436 792 505 quaedam
810 438 852 490 tui
868 440 983 494 nominis

129 515 235 582 caritas,
249 530 380 583 amorque
396 514 425 566 iu
441 517 470 565 te
491 512 634 580 singularis
656 512 776 564 omniurn
795 514 902 569 civium.
938 517 1000 571 Ita‘

130 591 201 644 enim
226 595 337 659 sperant
356 593 439 658 atque
461 589 608 654 confidunt,
633 591 666 641 ut
683 593 763 642 autea
782 607 854 659 rege,
874 592 913 646 sic
933 592 984 647 hoc

130 671 253 734 tempore
273 682 357 733 regno
376 670 481 718 terem
501 665 635 735 publicam
657 664 844 720 liberaturum.
880 667 983 722 Romae

130 743 252 795 delectus
268 741 385 794 habetur
401 744 516 809 totaque
537 742 624 808 ltalia,
647 741 669 793 si
688 740 731 794 hic
750 741 872 797 delectus
892 745 984 812 appel-

130 818 226 870 landus
239 820 282 870 est
294 834 378 884 quum
390 817 463 888 ultro
480 834 509 870 se
526 816 643 870 offerunt
662 834 771 872 omnes:
791 815 886 872 tantus
901 820 984 874 ardor

130 893 271 961 occupant
284 893 387 947 animos
400 891 539 945 hominnm
559 893 695 946 desiderio
713 894 850 950 libertatis
866 897 983 964 odioque

130 967 250 1022 diutinae
263 970 409 1023 servitutis.
447 968 489 1022 De
506 969 618 1037 reliquis
635 969 717 1023 rebus
730 975 787 1024 ate
802 970 862 1038 jam
874 989 984 1041 exspee

130 1047 190 1097 tare
204 1045 296 1098 literas
313 1040 452 1112 debemus,
465 1045 532 1114 quid
549 1045 608 1112 ipse
625 1060 698 1113 agas,
715 1046 783 1114 quid
801 1051 895 1100 noster
917 1049 984 1102 llir-

129 1121 193 1185 tius,
218 1122 285 1190 quid
310 1121 411 1175 Cacsar
434 1139 531 1187 meus;
554 1138 621 1190 quos
646 1139 725 1191 spero
753 1123 830 1177 brevi
858 1127 983 1193 tempore

131 1199 260 1251 socictate
273 1198 402 1252 victoriae
415 1201 506 1252 tecum
518 1198 658 1266 copulatas
674 1199 739 1252 lore.
776 1199 923 1269 Reliquum
939 1205 983 1255 est

76 1302 84 1315 ·
130 1278 162 1327 nt
174 1274 209 1327 dc
222 1292 267 1345 mc
278 1274 308 1327 id
320 1274 437 1328 scribam
450 1273 523 1342 quod
535 1278 565 1327 tc
577 1290 611 1326 cx
629 1280 738 1327 tuorum
754 1275 841 1329 literis
858 1279 887 1330 ct
903 1294 982 1346 spero

130 1354 159 1402 ct
171 1351 243 1403 malo
259 1344 490 1418 cognoscere,‘me
510 1366 599 1416 neque
619 1350 715 1404 deesse
735 1351 791 1404 ulla
802 1350 831 1404 iu
847 1368 878 1405 re
894 1369 983 1420 neque

130 1441 259 1494 umquam
272 1425 431 1478 defuturum
443 1423 572 1490 dignitati
585 1428 656 1477 tuae.

336 1556 373 1601 1o.
409 1551 532 1599 GALBA
550 1551 720 1598 CICERONI
738 1553 762 1601 S.

397 1633 495 1694 (n.30.¹
521 1643 547 1677 a,
561 1643 584 1676 u.
598 1643 622 1678 e.r
637 1632 704 1690 711.)

129 1726 216 1799 [Ad]
228 1742 297 1780 xvrr.
308 1726 425 1780 Kalend.
434 1726 529 1788 Maias,
538 1742 593 1794 quo
605 1727 651 1779 dic
665 1726 753 1780 Pansa
765 1729 792 1780 in
804 1727 901 1781 castris
917 1728 983 1781 Hir-

130 1806 162 1858 tii
181 1809 241 1860 crat
256 1804 365 1856 iuturus
389 1818 450 1856 cum
475 1818 535 1870 quo,
554 1818 604 1868 ego
629 1819 800 1855 erarii-narn
815 1801 850 1857 'ei
874 1804 982 1858 obviam
1018 1845 1021 1850 .

131 1873 333 1950 processeram
348 1878 434 1931 millia
462 1894 589 1946 passuum
622 1883 740 1941 centum,
769 1895 823 1947 (pro
849 1881 983 1934 maturius

131 1954 410 2010 reniret—Antonius
429 1954 550 2020 legiones
567 1953 663 2007 eduxit
690 1954 766 2016 duas,
783 1956 929 2008 secundam
953 1961 983 2010 ct

131 2024 255 2100 quintam
267 2030 442 2093 tricesimam,
455 2033 484 2082 et
503 2023 628 2082 cohortes
641 2030 791 2098 praetorias
805 2030 880 2097 duas,
901 2049 982 2085 unam
1025 2045 1027 2048 ⁴

132 2125 215 2176 suam,
241 2105 356 2160 alteram
372 2099 376 2159 ζ
390 2104 558 2179 Silani,[et]
584 2110 756 2158 evocatorum
788 2110 913 2175 partem..
938 2108 984 2161 lta

131 2185 238 2237 obviam
250 2183 324 2236 venit
336 2182 422 2249 nobis,
438 2180 514 2250 quod
531 2196 581 2234 nos
598 2184 715 2250 quatuor
730 2182 850 2248 legiones
863 2184 982 2237 tironum

131 2260 233 2314 habere
247 2261 333 2313 solum
345 2258 538 2312 arbitrabatur.
557 2257 613 2311 Sed
625 2262 783 2330 nactaque
792 2259 879 2313 tutius
891 2260 983 2314 venire

132 2338 160 2390 in
176 2342 266 2390 matra
278 2351 428 2405 possemus,
444 2333 577 2401 legionem
591 2333 720 2386 Martiam
734 2335 776 2386 cui
796 2351 846 2402 cgo
858 2352 984 2403 praeesse

133 2415 260 2480 solebam,
280 2418 309 2474 et
326 2412 394 2465 duas
416 2412 540 2464 cohortes
561 2410 713 2479 praetorias
737 2411 850 2463 miserat
875 2411 984 2464 Hirtius

132 2490 217 2542 nobis.
253 2491 342 2555 Quum
367 2488 473 2556 equites
494 2487 609 2540 Antonii
629 2488 827 2555 apparuissent,
852 2487 984 2541 contineri

133 2582 222 2633 neque
234 2564 305 2633 legio
318 2565 419 2617 Martia
431 2580 520 2630 neque
532 2563 657 2616 cohortes
669 2563 821 2629 praetoriae
828 2565 984 2630 potuerunt,

134 2659 201 2710 quas
219 2639 297 2706 sequi
316 2639 453 2706 coepimus
472 2640 564 2705 coacti,
587 2641 714 2708 quoniam
734 2640 853 2692 retinere
863 2634 915 2691 ‘cas
931 2653 985 2690 non

134 2723 314 2787 potueramus.
351 2715 488 2767 Antonius
500 2716 536 2768 ad
549 2716 651 2768 Forum
664 2715 803 2768 Gallo1um
816 2730 878 2766 suas
893 2713 985 2781 copias

134 2792 307 2857 continebat,
318 2809 408 2859 neque
421 2790 483 2843 sciri
495 2791 604 2844 volebat
616 2808 646 2843 se
662 2791 781 2858 legiones
794 2787 909 2842 habere:
926 2792 986 2841 tau-

131 2875 191 2920 rum
205 2869 359 2936 equitatum
373 2870 402 2920 et
415 2867 503 2920 levem
519 2870 685 2920 armaturam
699 2865 870 2919 ostendebat.
882 2896 887 2902 -
908 2864 986 2918 Post

113 2953 235 3003 eaquam
261 2944 333 2996 vidit
353 2960 384 2996 se
403 2942 493 2998 invito
513 2943 649 3014 legionem
670 2941 711 2996 ire
736 2941 831 3008 Pansa,
855 2940 932 3008 sequi
956 2957 986 2994 se

93 3003 173 3060 duas
190 3013 327 3080 Icfflones
351 3020 447 3088 jussit
472 3023 608 3080 tirenum.
645 3019 834 3088 Posteaquam
854 3016 995 3083 angustias

68 3077 200 3132 Paludis
225 3094 257 3141 ct
280 3095 429 3158 silvarum
455 3103 639 3173 transiimns,
665 3099 743 3156 acies
768 3098 814 3150 est
831 3091 975 3146 instrunt&
991 3103 1013 3138 ἢ

60 3142 152 3196 '‘²⁰51'S
166 3154 335 3224 duodecim
351 3178 539 3240 cohortium,
583 3179 731 3241 Nondum
740 3162 1030 3233 senemaalegxaues
