2032 3412
287 115 377 165 CATO
396 113 528 163 MAJOR.
563 113 640 163 CAP.
659 112 726 164 Xll.
901 115 931 163 ld

84 212 191 268 cunque
207 196 318 252 defendi
331 213 402 251 nunc
421 213 504 265 quum
521 195 638 250 maxime
652 194 763 248 conficio
781 196 930 251 orationes:

82 273 128 342 jus
146 275 295 344 augurium,
307 273 483 343 pontificium,
501 273 580 327 civile
597 276 699 326 tracto:
717 272 834 328 multum
848 273 932 329 etiam

85 350 196 405 Graecis
217 349 318 403 litteris
345 353 414 416 utor,
441 348 728 418 Pythagoreorumque
756 359 831 404 more
853 366 932 404 exer-

84 426 187 481 cendae
210 425 356 479 memoriae
384 427 480 494 gratia,
505 425 572 493 quid
598 441 707 493 quoque
736 424 782 478 die
810 423 932 490 dixerim,

84 502 225 571 audierim,
237 502 348 570 egerim,
358 518 540 556 commemoro
553 501 665 568 vesperi.
703 500 765 554 Hae
781 504 844 554 sunt
856 518 932 555 exer-

84 578 228 632 citationes
243 578 351 646 ingenii,
370 577 438 632 haec
456 577 589 630 curricula
610 576 721 630 mentis:
744 576 772 629 in
791 576 834 630 his
853 577 932 631 desu-

85 655 153 708 dans
175 659 257 722 atque
275 653 417 707 elaborans
432 653 552 721 corporis
568 653 640 706 vires
660 669 715 706 non
731 669 829 721 magno
849 669 932 723 opero

85 731 217 784 desidero.
254 730 360 785 Adsum
379 731 485 783 amicis:
503 729 582 784 venio
601 729 630 782 in
651 729 781 784 Senatum
802 730 932 799 frequens

86 807 211 874 ultroque
234 806 317 860 affero
340 823 385 860 res
408 805 524 859 multum
549 810 578 858 et
602 805 650 858 diu
671 807 810 874 cogitatas,
832 822 932 875 easque

84 885 162 936 tueor
185 883 266 935 animi
290 899 343 935 non
369 882 488 950 corporis
513 881 622 934 viribus.
673 881 748 945 Quae
772 882 795 936 si
820 883 932 951 exsequi

84 961 231 1028 nequirem,
249 963 343 1013 tamen
358 976 403 1012 me
421 957 536 1011 lectulus
555 958 705 1012 oblectaret
724 974 801 1012 meus
820 975 852 1012 ea
873 959 933 1027 ipsa
1000 1017 1002 1020 ,

84 1037 250 1103 cogitantem
263 1052 333 1104 quae
348 1036 407 1103 jam
419 1050 502 1102 agere
519 1049 572 1086 non
584 1051 707 1102 posscm;
725 1037 774 1088 sed
786 1039 818 1088 ut
829 1035 930 1103 possim

83 1111 149 1164 facit
167 1117 228 1164 acta
245 1112 310 1164 vita.
346 1112 460 1178 Semper
472 1109 544 1162 enim
562 1110 590 1161 in
608 1110 650 1163 his
667 1109 766 1164 studiis
782 1109 930 1164 laboribus

85 1203 139 1254 que
154 1187 255 1239 viventi
275 1202 329 1239 non
348 1185 512 1253 intelligitur
533 1186 641 1253 quando
662 1186 777 1254 obrepat
796 1190 929 1239 senectus.

86 1262 131 1314 Ita
149 1261 247 1315 sensim
261 1261 319 1314 sine
331 1277 411 1314 sensu
424 1265 501 1315 aetas
513 1262 642 1327 senescit;
661 1278 711 1315 nec
728 1261 818 1314 subito
831 1261 931 1329 frangi·

84 1339 136 1402 tur,
149 1338 197 1390 sed
211 1337 391 1391 diuturnitate
406 1336 583 1403 extinguitur.

135 1412 204 1467 XII.
230 1419 268 1468 39.
288 1413 418 1481 Sequitur
429 1413 512 1465 tertia
521 1412 683 1482 vituperatio
697 1414 846 1466 senectutis
857 1411 931 1481 quod

83 1504 144 1542 eam
162 1506 255 1543 carere
271 1490 365 1543 dieunt
380 1487 576 1556 voluptatibus
610 1487 814 1558 Opraeelarum
832 1505 930 1542 munus

83 1566 188 1632 aetatis,
208 1565 230 1619 si
250 1565 365 1640 quidem
376 1565 405 1618 id
424 1563 515 1618 aufert
530 1563 608 1617 uobis
627 1557 700 1632 quo'd
719 1564 808 1634 estin
826 1563 930 1617 adoles·

82 1641 172 1694 centia
194 1641 409 1694 vitiosissimum!
453 1640 578 1707 Accipite
602 1640 680 1701 euim,
705 1640 801 1708 optimi
825 1639 930 1694 adoles-

83 1719 181 1782 centes,
200 1721 321 1771 veterem
342 1718 493 1769 orationem
514 1715 653 1783 Archytae
673 1715 818 1783 Tarentini,
839 1717 930 1784 magni

82 1791 110 1844 in
122 1793 215 1861 primis
228 1797 257 1847 et
269 1793 401 1861 praeclari
419 1792 476 1855 viri,
496 1808 566 1859 quae
584 1791 649 1843 mihi
669 1791 774 1844 tradita
789 1796 831 1844 est
845 1810 928 1861 quum

83 1884 171 1921 essem
190 1869 347 1923 adolescens
368 1869 479 1941 Tarenti
500 1884 562 1920 cum
585 1867 618 1930 Q.
639 1867 772 1922 Maximo:
796 1868 928 1921 “Nullam

82 1944 267 2011 capitaliorem
278 1948 384 2013 pestem
400 1960 481 2013 quam
498 1943 618 2013 eorporis
635 1943 803 2011 voluptatem
816 1943 928 1997 homini-

82 2016 133 2072 bus
152 2018 262 2073 dicebat
285 2037 302 2074 a
324 2024 422 2074 natura
441 2020 542 2089 datam,
563 2021 641 2089 eujus
663 2020 809 2088 voluptatis
833 2019 928 2073 avidae

82 2094 208 2149 libidines
219 2100 324 2150 temere
336 2100 364 2150 et
377 2097 508 2151 effrenate
520 2095 557 2150 ad
568 2095 730 2165 potiundam
743 2095 928 2148 incitarentur.

81 2177 122 2224 40.
149 2172 219 2225 lline
239 2173 344 2240 patriae
364 2173 540 2241 proditiones,
564 2172 626 2224 hinc
647 2186 738 2223 rerum
760 2169 928 2237 publicarum

82 2247 243 2312 eversiones,
268 2247 330 2299 hine
356 2259 418 2299 'cum
446 2247 572 2300 hostibus
603 2245 770 2298 clandestina
798 2243 928 2313 colloquia

82 2320 169 2383 nasei;
195 2321 434 2388 nullum'deniquo
459 2320 554 2386 scelus,
577 2321 685 2378 nullumv
706 2318 806 2372 malum
825 2320 928 2376 facinus

83 2411 149 2466 esse,
163 2394 197 2448 ad
211 2394 285 2463 quod
296 2396 497 2462 suscipiendum
509 2413 562 2448 non
579 2394 663 2449 libido
675 2395 823 2465 voluptatis
835 2396 929 2466 impol-

82 2470 167 2536 leret;
186 2475 281 2539 stupra
298 2475 409 2526 vcroet
428 2471 564 2525 adulteria
582 2475 611 2525 et
628 2488 707 2526 omne
725 2472 780 2526 tale
796 2472 928 2542 flagitium

80 2547 160 2600 nullis
173 2546 286 2600 excitari
302 2547 361 2601 aliis
380 2547 516 2602 illecebris
528 2548 579 2601 nisi
592 2548 753 2617 voluptatis
784 2548 927 2618 Quumque

80 2621 180 2676 homini
198 2623 255 2676 sive
271 2628 369 2677 natura
386 2626 442 2680 sive
461 2627 522 2694 quis
541 2625 608 2679 deus
624 2626 691 2679 nihil
704 2628 797 2680 mento
808 2631 928 2694 praesta-

80 2696 160 2752 bilius
179 2699 309 2767 dedisset,
330 2699 393 2755 huie
409 2703 500 2756 divino
519 2704 624 2756 muneri
643 2720 674 2756 ac
693 2703 763 2756 dono
782 2701 849 2754 nihil
868 2718 927 2754 esse

79 2778 136 2827 tam
147 2776 286 2829 inimicum
299 2793 381 2844 quam
393 2780 570 2848 voluptatem.
601 2785 640 2834 41.
660 2780 686 2832 N
687 2796 717 2833 ec
731 2779 803 2832 enim
815 2775 928 2829 libidine

80 2849 453 2923 dominantetemperantiae
469 2856 557 2908 locum
580 2872 646 2922 esse,
666 2872 756 2923 nequo
774 2851 882 2905 omnino
900 2852 928 2904 in

78 2926 225 2994 voluptatis
242 2943 327 2995 regno
344 2929 475 2983 virtutem
493 2947 572 2999 posse
588 2931 744 2984 consistere.
781 2925 863 2990 Quod
873 2943 930 2989 quo

78 3003 165 3069 magis
177 3002 294 3070 intelligi
307 3009 409 3073 posset,
421 3005 529 3075 fingere
540 3008 634 3060 animo
649 3003 777 3071 §obenan
783 2995 955 3048 tantamm-

79 3079 164 3130 tatnm
176 3077 296 3149 aliquem
309 3078 458 3152 voluptate
478 3083 608 3154 corperis
626 3079 742 3146 <ibim
748 3055 985 3161 &magt

68 3152 204 3266 mgxima:
229 3154 341 3210 nemini
362 3159 510 3216 censebat
525 3162 595 3215 lore
612 3152 750 3208 daniam
772 3137 854 3204 <tm
874 3132 950 3174 *m
965 3126 1004 3156 W
