2084 3404
294 129 549 183 nrrsronanum
567 129 668 181 amm
686 129 768 182 nuo.
927 103 957 180 sa

104 213 197 271 studio
213 215 336 283 Pompeii
350 215 438 268 nostri
451 215 499 283 qui
512 213 658 268 Caesarem
674 228 734 265 sero
747 210 839 280 coepit
850 211 957 265 timere.

105 283 131 345 N
134 293 193 345 obis
207 292 281 345 inter
295 290 344 343 has
360 291 456 343 turbas
474 294 585 344 senatus
600 293 693 342 tamen
710 288 840 355 frequens
853 288 958 354 flagita-

104 367 146 422 vit
162 367 345 438 triumphum:
369 367 420 420 sed
437 366 571 420 Lentulus
588 364 757 433 consulque
773 362 862 429 majus
879 380 958 415 suum

105 441 270 497 beneficium
287 443 399 510 luceret,
411 442 491 496 simul
510 446 594 510 atque
607 439 764 509 expedisset
777 455 848 507 quae
860 443 959 492 'essent

105 520 261 573 neccssaria
276 520 312 573 de
327 534 359 572 re
375 517 485 589 publicu
502 516 574 571 dixit
590 534 620 571 se
636 517 796 570 relaturum.
832 514 857 567 N
860 530 889 566 os
902 513 959 581 agi-

104 611 165 650 mus
179 589 257 648 'nihil
276 595 383 664 cupide,
406 611 494 662 eoquo
513 597 556 647 est
576 597 670 648 nostru
689 593 777 662 pluris
800 592 958 645 auctoritas.

106 671 205 725 Italiae
223 672 349 740 regiones
367 670 516 738 discriptae
535 673 599 723 sunt
616 687 698 739 quam
715 669 833 738 quisque
851 670 957 736 partem

105 751 239 802 tueretur.
280 747 339 800 Nos
363 747 485 815 Capuam
516 746 688 814 sumpsimus.
734 746 812 798 Haec
836 747 866 798 te
889 742 958 796 scire

104 824 184 877 volui.
219 824 260 878 Τιι
272 824 357 877 etism
374 827 459 891 etque
475 823 558 876 etiam
576 839 642 876 cura
657 824 690 876 ut
704 822 796 876 valeas
808 821 958 888 literasquo

105 900 143 953 ud
157 917 202 955 me
219 901 314 954 mittas
333 900 561 968 quotiescumque
577 899 691 954 habebis
711 899 754 952 cui
773 897 830 952 des.
866 896 958 950 Etiam

104 979 188 1044 atquc
200 977 284 1031 etiam
297 975 364 1030 vale.
390 975 434 1039 ¹d).
446 976 536 1044 pridie
551 976 618 1030 Idus
633 976 650 1028 J
653 993 695 1029 un.

207 1095 230 1140 3.
265 1089 304 1141 Μ.
323 1091 412 1141 CATO
429 1091 455 1144 S.
474 1090 507 1142 D.
527 1089 565 1141 M.
584 1090 754 1141 CICERONI
772 1089 849 1138 ΙΜΡ.

338 1215 341 1243 3
371 1182 423 1244 (su.
442 1183 465 1229 5.
501 1193 604 1231 mue.
624 1182 690 1245 704.)

104 1276 186 1342 Quod
206 1282 236 1332 et
254 1295 299 1341 res
322 1279 432 1347 publiea
450 1295 495 1333 me
519 1284 548 1334 et
565 1283 660 1333 nostru
679 1279 799 1333 arnicitin
822 1279 958 1343 hortatur,

104 1350 223 1408 libenter
240 1355 316 1422 facio,
334 1358 367 1408 ut
384 1358 461 1408 tuam
477 1356 616 1426 virtutem,
635 1355 825 1421 innocentiam,
845 1354 959 1420 diligen-

104 1431 179 1497 tiam,
199 1431 336 1498 cognitam
354 1431 381 1483 in
399 1431 526 1485 maximis
545 1431 635 1498 rebus,
654 1431 727 1485 domi
746 1430 841 1499 togati,
860 1430 958 1482 annoti

103 1506 178 1572 foris,
208 1506 268 1575 pari
298 1507 435 1562 industria
464 1507 651 1563 administrari
681 1508 822 1576 gaudeam.
859 1506 958 1574 Itaque

105 1582 181 1655 quod
195 1599 246 1652 pro
262 1594 330 1638 meo¹
338 1584 445 1657 judicio
463 1586 552 1639 facere
569 1586 659 1653 potui,
675 1588 707 1637 ut
727 1582 882 1638 innocentia
896 1599 959 1636 con·
1007 1582 1012 1591 '

105 1657 219 1727 silioquo
239 1662 288 1712 tuo
309 1660 453 1713 defensam·
474 1661 648 1727 provinciam,
667 1664 805 1713 servatum
827 1659 959 1721 Ariobar-

104 1735 178 1787 zanis
202 1751 263 1788 cum
284 1735 343 1802 ipso
362 1751 428 1802 rege
447 1751 569 1802 regnum,
590 1737 724 1789 sociorum
747 1739 903 1801 revocatum
922 1734 958 1787 ud

105 1809 228 1863 studium
251 1810 359 1878 imperii
382 1810 469 1863 nostri
493 1811 669 1876 voluntatem,
689 1812 825 1864 sententia
849 1827 910 1864 mea
930 1815 959 1864 et

105 1885 217 1938 decreto
229 1883 378 1950 laudarem,
391 1885 451 1941 feci.
487 1886 718 1955 supplicationem
730 1886 878 1953 decretum,
892 1887 914 1938 si
927 1889 959 1939 tu

105 1978 161 2029 qua
173 1961 201 2012 in
215 1977 246 2014 re
260 1960 328 2014 nihil
345 1961 458 2016 fortuito
475 1961 524 2015 sed
542 1979 648 2016 summa
664 1966 713 2017 tua
729 1963 834 2017 ratione
850 1967 879 2016 et
896 1978 958 2015 con-

104 2036 222 2090 tinentia
242 2036 426 2105 reipublicae
446 2038 585 2107 provisum
613 2043 657 2111 est
678 2040 732 2094 diis
756 2038 958 2093 immortalibus

103 2112 236 2180 gratulari
248 2129 297 2166 nos
310 2130 392 2182 quam
404 2112 455 2168 tibi
468 2115 571 2169 referre
583 2119 726 2184 acceptum
738 2116 832 2181 mavis,
842 2114 957 2182 gaudeo.

99 2189 186 2253 ¹Quod
202 2189 225 2242 si
245 2189 377 2258 triumphi
393 2192 613 2259 praerogativam
632 2195 713 2259 putas
733 2190 956 2258 supplicationem

105 2264 253 2318 etidcirco
270 2281 363 2318 casum
378 2266 471 2332 potius
488 2280 570 2333 quarn
585 2268 614 2319 te
632 2265 740 2318 laudari
759 2266 853 2332 marie,
868 2282 957 2333 neque

105 2336 331 2408 supplicationem
344 2341 469 2407 sequitur
482 2357 591 2410 semper
602 2341 765 2409 triumphus,
778 2345 807 2395 et
819 2342 957 2410 triumpho
1011 2400 1014 2410 1

104 2415 191 2468 multo
215 2415 313 2467 clarius
338 2419 388 2482 est,
412 2421 538 2470 senatum
563 2415 691 2484 judicare
718 2418 809 2485 potius
833 2434 957 2472 mansue-

104 2491 202 2545 tudine
224 2495 254 2544 et
273 2490 428 2555 irmoccntiu
445 2492 620 2560 imperatoris
643 2493 808 2561 provinciam
828 2510 908 2562 quam
930 2496 957 2547 ri

104 2566 222 2621 militum
242 2570 291 2620 aut
310 2566 483 2636 benignitate
500 2568 616 2622 deormn
637 2573 774 2625 retentam
793 2573 878 2639 atque
895 2588 954 2625 eon⁴

105 2649 242 2698 serratum
268 2660 345 2698 csse:
376 2645 451 2714 quod
476 2661 528 2714 ego
550 2662 613 2701 meu
640 2649 778 2703 sententie
802 2649 954 2703 censebam.

32 2770 36 2775 .
106 2721 201 2787 Atque
224 2720 292 2774 haec
310 2736 361 2788 ego
381 2721 484 2777 idcirco
503 2723 540 2777 ad
560 2725 590 2778 te
612 2728 708 2779 contra
731 2725 956 2779 consuetudinem

106 2812 195 2850 areum
210 2796 336 2865 pluribus
348 2799 444 2867 scripsi
458 2801 498 2868 ut,
510 2800 585 2869 quod
602 2802 720 2857 maxime
734 2801 802 2868 volo,
815 2801 957 2854 existimes

105 2887 149 2925 me
165 2872 290 2928 laborare
305 2877 337 2928 ut
352 2875 405 2928 tibi
420 2876 601 2945 persuadeam
618 2894 662 2931 me
678 2881 709 2931 et
722 2877 840 2931 voluisse
859 2877 894 2931 de
908 2881 955 2931 tua

104 2948 251 3017 majestate
264 2951 339 3020 quod
351 2953 550 3022 amplissimum
565 2953 620 3006 sim
628 2955 840 3023 arbitratum
847 2952 976 3012 snum

101 3024 223 3078 maluisti
242 3026 349 3083 iactum
372 3047 435 3087 esso
451 3025 591 3103 gaudere.
620 3029 715 3096 Vale,
728 3031 763 3080 et
773 3040 835 3077 mos
848 3015 1014 3099 simassi,

90 3097 224 3156 instituto
235 3102 344 3162 itinero
359 3111 554 3179 severitatem
567 3106 824 3180 diligendarum&
833 3101 928 3143 iffi*
936 3084 1014 3135 ⁰²⁸³*

79 3174 215 3289 puplicae
225 3189 359 3250 praesta.
