2084 3404
293 132 548 189 EPISTOLARUM
566 135 667 184 LIBRI
685 137 767 186 DUO.
925 143 957 188 es

107 213 257 268 Mutinensi
265 212 393 279 dicuntur
401 213 536 268 notissimi
548 215 685 289 latronum
696 219 786 280 duces.
805 218 856 274 Est
865 224 956 275 autern

106 308 159 344 non
175 292 265 344 nririus
282 294 391 358 gratum
410 296 534 346 extrema
551 292 645 348 delore
660 311 742 363 quam
760 297 849 366 prima
864 296 957 367 depel-

106 368 172 423 lcre.
209 365 345 436 Equidem
370 367 562 437 exspectabam
583 369 643 436 jam
667 375 729 424 tuas
754 371 850 425 literas
872 373 957 442 idque

106 463 167 498 cum
181 445 290 499 multis:
308 445 508 515 sperabamque
525 447 609 500 etiarn
628 447 762 516 Lepidum
774 448 816 502 rei
831 448 955 516 publicae

103 522 275 590 temporibus
290 523 458 576 admonitum
477 526 569 577 tecum
588 526 698 577 etcum
717 541 748 577 re
767 523 876 593 publica
895 542 957 582 esso

104 598 249 661 iacturum.
279 599 313 651 ln
325 598 399 670 illam
406 599 495 666 igitur
506 615 598 653 euram
610 599 744 667 incumbe,
756 600 794 654 mi
806 600 915 668 Plance,
924 606 955 656 ut

103 691 140 727 no
158 692 228 742 quae
246 674 366 730 scintilla
376 675 518 730 ‚teterrimi
535 674 601 729 belli
618 676 799 748 relinquatur.
836 677 915 742 Quod
932 678 955 730 si

105 751 160 804 erit
175 751 285 816 factum,
300 754 328 804 et
342 767 402 806 rem
418 751 553 820 publicam
570 751 661 805 divino
675 751 808 808 benefida
825 753 953 818 affeceris,

105 826 218 956 {Ripae
241 831 380 883 aeternam
404 827 518 895 gloriam
542 845 717 897 consequere.
760 831 798 885 D;
817 844 859 890 111.
883 829 951 886 Non.

360 1043 398 1089 31.
433 1041 560 1111 CICERO
578 1041 700 1097 PAETO,

343 1149 345 1153 ’
373 1144 420 1204 (rx.
433 1146 473 1192 23.
506 1158 531 1192 A.
542 1158 570 1198 a.
585 1157 606 1192 c.
620 1144 686 1205 708.)

105 1229 175 1281 lieri
187 1230 249 1282 veni
261 1230 290 1280 in
303 1229 469 1283 Cumanum:
488 1247 549 1285 cras
560 1231 596 1284 ad
604 1234 633 1284 te
643 1231 766 1284 fortasse.
797 1230 853 1283 Sed
866 1247 950 1297 quum

104 1307 210 1358 certum
228 1306 319 1372 sciam,
340 1306 489 1360 faciamte
504 1307 602 1376 paullo·
616 1311 681 1360 ante
698 1306 853 1360 certiorem.
885 1307 950 1360 Etsi

104 1381 142 1436 M.
161 1381 317 1450 Caeparius,
339 1399 422 1451 quum
441 1384 508 1437 milri
528 1384 556 1436 in
578 1383 645 1436 silva
670 1382 949 1438 Gallinaria-obviam

103 1459 231 1526 venisset,
248 1459 472 1530 quaesissemque
486 1460 553 1528 quid
571 1476 675 1527 ageres,
687 1458 767 1517 ,dixit
783 1462 814 1514 te
831 1459 860 1512 in
877 1459 950 1513 lecto

103 1536 251 1605 essequod
267 1553 302 1590 ex
318 1536 435 1605 pedihus
450 1536 596 1591 laborares.
632 1537 691 1590 l'uli
707 1537 811 1591 scilicet
826 1536 950 1601 molesto,

102 1617 135 1668 ut
156 1614 258 1682 debui3
285 1615 335 1669 sed
354 1618 447 1670 tamen
464 1615 593 1669 constitui
614 1613 650 1667 ad
668 1618 697 1668 te
714 1613 850 1667 venirent
864 1616 894 1666 et
910 1613 948 1665 vi-

98 1689 248 1764 'derem'te
267 1696 298 1746 et
315 1691 433 1745 viserem
454 1695 483 1745 ct
503 1706 645 1744 caenarem
666 1687 759 1744 etiamJ
792 1689 855 1742 Non
876 1688 948 1742 cuim

98 1760 222 1821 'arbitror
237 1783 331 1820 cocum
343 1766 428 1821 ctiam
440 1770 469 1820 te
482 1766 655 1820 arthriticum
666 1765 777 1819 habere.
811 1764 948 1831 Exspecta

97 1840 192 1913 ‘igitur'
204 1835 341 1909 hospitem
360 1858 444 1910 quum
465 1842 576 1895 minime
596 1840 707 1894 edacem
726 1843 786 1894 tum
808 1839 947 1899 inimicum

98 1917 192 1991 jooenis
204 1917 376 1986 sumptuosis.

171 2057 175 2065 '
217 2082 221 2088 -
256 2081 259 2088 »
295 2052 333 2098 32.
360 2050 487 2098 CICERO
504 2049 752 2099 DOLABELLAE.

297 2211 301 2216 ⁴
371 2153 686 2225 (rx.112.5n.e.c.709.)

99 2243 230 2298 Gratulor
243 2243 318 2296 Baiis
329 2243 437 2308 nostris,
448 2239 592 2310 siquidem,
605 2245 638 2294 ut
652 2240 755 2307 scribis,
768 2240 892 2294 salubres
903 2259 944 2296 rc·

99 2313 183 2388 pente
201 2321 290 2374 factae
309 2312 399 2384 sunta
411 2319 463 2372 nisi
482 2319 552 2371 forto
571 2321 601 2370 to
620 2319 713 2369 amant
734 2320 763 2369 et
782 2316 833 2370 tibi
854 2334 946 2370 assen-

99 2400 201 2462 tantur,
215 2399 245 2451 et
260 2393 368 2450 tamdiu
383 2394 449 2448 dum
464 2397 495 2447 tu
509 2388 576 2447 a'des
590 2396 654 2445 sunt
666 2391 768 2446 oblitae
780 2393 838 2446 suis
865 2393 945 2458 Quod

100 2472 210 2540 quidem
225 2471 248 2525 si
264 2471 305 2526 ita
319 2473 369 2534 est
381 2470 493 2524 minime
507 2470 591 2523 miror
603 2467 707 2545 caeluni
716 2468 803 2545 [etiam
815 2472 844 2543 ct
856 2473 946 2524 terras

98 2549 153 2602 vim
166 2565 250 2616 suam,
259 2548 283 2601 si
292 2546 345 2603 tibi
356 2547 397 2600 ita
408 2546 556 2612 conveniat,
567 2545 714 2608 dimittere,
734 2545 944 2614 ‚Oratiunculam

94 2639 147 2694 pro
163 2625 294 2679 Deiotaro
312 2638 394 2692 quam
411 2622 571 2689 requirebas
586 2621 721 2677 habebam
734 2620 853 2693 'mecum
869 2623 944 2693 qued

98 2717 151 2754 non
174 2705 308 2770 putaram·
354 2700 454 2766 Itaque
471 2715 531 2751 cam
549 2697 601 2753 tibi
618 2699 687 2763 misi,
706 2699 886 2775 quamxvelim
905 2699 945 2752 sie

97 2776 172 2845 legas
184 2781 216 2831 ut
228 2793 336 2831 causam
346 2779 457 2830 tenuem
471 2779 500 2829 et
511 2774 620 2843 inopem
631 2792 681 2829 nec
691 2772 836 2843 scriptione
845 2791 944 2841 magno

97 2869 180 2920 opere
192 2853 320 2921 dignam·
346 2851 401 2905 Sed
414 2867 465 2918 ego
477 2851 578 2920 hospiti
590 2852 678 2904 veteri
691 2855 720 2904 ct
731 2851 819 2903 amico
835 2866 943 2902 munus-

96 2929 187 2982 culum
206 2930 317 2982 mitterc
334 2926 428 2996 [volui]
447 2927 591 2992 levidense,
608 2943 699 2980 crasso
717 2927 769 2991 filo,
789 2924 942 2992 cujusmodi

96 3005 182 3074 ipsius
205 3005 294 3059 solent
317 3019 378 3058 esso
401 3020 526 3059 munera.
558 3005 608 3058 ‘lu
619 3003 710 3056 uelim
724 3002 823 3051 adimo
839 2996 971 3076 semesis

88 3081 212 3168 sortique
220 3081 259 3139 sis
271 3084 306 3141 ut
316 3084 369 3141 tua
380 3082 545 3140 modoratio
552 3080 727 3152 stararias
732 3056 1002 3126 maxumam&

79 3173 225 3229 rnJurram.
