2084 3404
292 94 546 191 rossemanum
563 137 664 191 nram
681 138 762 194 ouo.
908 143 951 195 101

106 216 188 276 velim
200 217 266 274 mihi
281 221 317 272 ad
328 221 425 274 urbem
441 227 550 290 praesto
564 223 601 277 sis
616 226 649 277 ut
666 224 722 277 tuis
738 221 855 278 consiliis
870 232 954 294 atquc

96 297 204 371 ¹opibus
219 301 251 351 ut
270 298 396 351 consuevi
417 298 445 350 in
464 299 588 352 omnibus
608 300 691 353 rebus
707 304 776 354 utar.
813 301 953 355 Dolabella

106 377 156 428 tuo
167 374 234 427 nihil
247 374 315 426 scito
327 374 393 426 mihi
408 391 467 428 esse
480 373 637 442 jucundius.
675 376 754 430 lianc
767 377 835 430 adeo
846 377 954 430 habebo

71 507 76 515 ,
107 450 223 518 gratiam
243 450 282 503 illi
292 472 306 517 ;⁴
323 465 413 518 neque
438 450 509 504 euim
533 451 614 505 aliter
633 452 724 505 facere
747 452 856 521 poterit,
876 452 955 506 tantu

107 525 167 594 ejus
178 525 341 594 humanitas,
353 527 377 578 is
389 543 491 594 sensus,
503 543 536 580 ea
547 527 574 579 in
586 543 631 580 mo
644 532 687 581 est
698 528 893 582 benevolentia.

269 654 306 703 1L
342 651 496 700 SERVIUS
513 651 691 710 CICERONI,
709 653 735 701 S.
754 651 783 700 P.

367 739 412 800 (iv.
433 740 470 785 12.
506 751 531 786 u.
545 751 569 786 u.
583 751 604 788 c.
625 738 691 799 709.)

108 823 169 881 Etsi
183 827 238 880 scio
253 840 308 880 non
320 822 548 895 jucundissimum
565 843 609 880 mc
623 827 748 880 nuntium
764 825 842 880 vobis
858 825 954 881 allatu·

107 916 176 971 rum,
196 906 295 969 tamen,
315 901 442 970 quoniam
461 918 539 955 casus
558 907 587 956 ct
605 906 704 957 natura
721 903 749 956 in
769 903 849 970 nobis¹
870 904 954 956 domi-

106 983 195 1046 natur,
207 979 350 1032 risumest
361 978 516 1032 iaciendum
529 993 637 1046 quoquo
649 979 729 1032 modo
742 996 786 1032 res
799 996 829 1033 sc
840 979 954 1032 haberet

108 1073 154 1110 ros
170 1056 300 1125 certiores
311 1055 409 1109 facere.
446 1057 480 1108 A.
500 1055 526 1107 d.
543 1070 568 1106 x.
588 1054 648 1106 Kal.
663 1055 726 1107 Jun.
741 1072 826 1122 quum
843 1055 878 1107 ab
893 1056 954 1122 Epi-

106 1133 192 1187 dauro
216 1131 360 1185 Piraeeum
384 1131 446 1184 navi
467 1131 597 1183 advectus
622 1146 717 1197 essem,
737 1130 775 1182 ibi
796 1131 954 1182 Marcellum

105 1202 236 1277 collegam
249 1207 372 1262 nostrum
389 1207 509 1273 conveni,
524 1223 641 1274 eumque
655 1191 730 1258 iliem
747 1205 785 1258 ibi
802 1207 953 1273 consumpsi

105 1289 138 1340 ut
156 1299 217 1339 cum
237 1301 269 1338 eo
287 1279 381 1338 essem.
419 1283 533 1336 Postero
550 1277 601 1351 die·
615 1298 698 1349 quum
716 1278 750 1335 ab
767 1300 800 1336 eo
817 1279 956 1350 digressus

106 1379 250 1426 essemeo
274 1358 385 1414 consilio
409 1363 442 1413 ut
465 1358 500 1411 ab
525 1358 644 1412 Athenis
667 1359 695 1410 in
720 1356 861 1412 Boeotiam
886 1358 954 1412 irem

56 1432 61 1441 ’
107 1435 293 1507 reliquamque
310 1436 530 1505 jurisdictionem
547 1422 723 1504 abiolverem,
738 1435 793 1504 ille,
806 1439 839 1489 ut
855 1435 954 1502 aiebat,

96 1524 187 1584 'supra
211 1513 327 1568 Maleam
352 1512 403 1584 [in]
417 1513 538 1567 ltaliam
566 1527 663 1579 versus,
687 1513 954 1581 navigatums‘erat.

96 1589 173 1645 'Post
185 1590 257 1646 diem
270 1592 384 1645 tertium
397 1589 457 1657 ejus
470 1589 532 1655 diei,
546 1602 630 1658 quum
642 1589 677 1643 ab
690 1589 808 1645 Athenis
819 1587 954 1658 proticisci

104 1665 133 1721 ln
145 1668 234 1722 auimo
246 1665 383 1734 haberem,
395 1665 505 1719 circiter
516 1665 583 1719 hora
595 1665 700 1720 decima
712 1667 800 1720 noctis
813 1663 845 1720 P.
859 1667 955 1720 Postu·
983 1668 986 1674 '

104 1744 182 1813 mim,
194 1742 334 1798 familiaris
346 1743 414 1810 ejus,
427 1740 463 1793 sd
479 1742 618 1808 mevenit,
636 1744 665 1794 et
682 1743 748 1795 mihi
764 1742 901 1795 nuntiarit
916 1742 953 1794 M.

105 1817 272 1887 Marcellum,
280 1806 424 1885 ‘collegam
448 1815 580 1884 nostrum,
604 1821 667 1884 post
688 1832 786 1869 coenae
810 1820 954 1885 tempusa

105 1894 135 1950 P.
148 1896 241 1964 Magio
254 1893 354 1960 Cilone,
367 1891 493 1947 familiari
506 1891 573 1960 cjuS,
586 1893 703 1960 pugione
719 1906 877 1960 percussum
894 1910 954 1947 csso

104 1977 134 2026 et
146 1974 199 2025 duo
212 1969 323 2023 vulnera
335 1970 477 2038 accepisse,
490 1984 574 2021 unum
591 1968 619 2020 in
637 1968 783 2037 stomacho,
795 1969 912 2024 alterurn
925 1971 953 2023 in

104 2047 193 2118 capite
218 2046 365 2100 secundum
389 2061 498 2110 aurern;
523 2059 632 2114 sperare
660 2047 752 2099 tamen
776 2060 838 2100 eum
861 2047 954 2099 rivere

104 2139 199 2193 posse:
228 2123 351 2192 Magium
378 2139 407 2176 se
435 2122 524 2191 ipsum
553 2122 737 2175 interfecisse:
763 2126 858 2195 postea
884 2138 914 2176 se
937 2139 954 2175 a

105 2196 233 2254 Marcello
258 2199 294 2252 ad
315 2213 359 2252 mo
382 2198 494 2250 missum
516 2213 576 2250 esse
601 2197 648 2264 qui
672 2197 738 2249 haec
760 2198 902 2250 nuntiaret
925 2202 954 2251 et

105 2279 215 2343 rogaret
227 2275 269 2327 uti
285 2274 405 2326 modicos
423 2271 578 2341 [cogerem]
616 2272 706 2338 (loegi
718 2274 748 2324 et
764 2272 908 2340 evestigio
921 2290 953 2327 eo

104 2367 164 2404 sum
177 2347 314 2418 profectus
330 2349 418 2417 prima
434 2347 502 2400 luco.
540 2346 629 2411 Quum
646 2364 699 2400 uon
715 2345 824 2415 longea
841 2349 954 2404 Piraeeo

104 2427 234 2493 obessem,
248 2438 317 2492 puer
330 2422 440 2478 Acidini
453 2423 560 2476 obviam
573 2423 638 2475 milri
651 2424 727 2477 venit
739 2440 800 2477 cum
817 2425 954 2494 codicillis,

103 2503 131 2556 in
151 2501 250 2572 quibus
270 2504 329 2554 erat
349 2499 480 2568 scriptum
499 2499 590 2567 paullo
607 2503 672 2553 ante
688 2500 775 2555 lucem
793 2500 952 2556 Marcellum

103 2578 175 2633 diem
190 2593 269 2632 suum
281 2576 378 2630 obisse.
410 2577 456 2629 Ita
467 2576 509 2629 vir
521 2574 732 2631 clarissimus'ab
744 2577 852 2633 homine
866 2580 953 2633 doter-

102 2656 171 2710 rimo
195 2652 370 2709 acerbissima
399 2656 487 2705 morte
516 2658 558 2706 est
588 2653 707 2723 affectus,
732 2660 761 2709 et
785 2656 829 2709 cui
853 2655 953 2708 inimici

102 2737 214 2802 proptor
227 2729 390 2800 dignitatem
401 2734 588 2800 pepercerant,
600 2731 726 2784 inventus
739 2736 782 2785 est
794 2731 896 2785 amicus
907 2732 953 2800 qni

103 2811 128 2863 ci
144 2815 260 2864 mortem
278 2807 397 2862 afferret.
436 2806 494 2874 Ego
510 2811 602 2860 tamen
620 2808 655 2860 ad
673 2807 879 2860 tabernaculum
895 2806 953 2874 ejus

102 2886 217 2953 perrexi.
255 2884 351 2938 Inveni
369 2883 436 2938 duos
451 2882 564 2937 libertos
582 2889 610 2937 et
626 2884 754 2952 pauculos
768 2899 864 2938 servos.
902 2884 954 2938 Re-

102 2957 190 3028 liquos
213 2961 324 3016 aiebant
347 2965 503 3036 profugisse
525 2967 607 3017 metu
622 2962 807 3031 perierimus,
821 2959 905 3018 apso
917 2959 970 3001 us-

97 3037 188 3093 minus
218 3056 315 3099 eorum
348 3048 417 3101 ante
447 3040 672 3102 tabernaculum
702 3033 886 3088 ‘interiectas
913 3022 1013 3123 esse}

92 3113 213 3173 Coactus
226 3135 291 3178 sum
303 3124 337 3179 in
352 3125 458 3182 eadem
468 3123 525 3180 illa
530 3119 648 3178 lectica
660 3110 801 3182 <sueintib
814 3098 938 3150 mm*
948 3095 983 3128 ΨΧ

871 3166 879 3177 .
906 3158 914 3168 =
999 3154 1013 3179 ’s

81 3194 216 3275 meisque
240 3198 409 3261 lecticariis
436 3205 470 3262 in
486 3203 605 3260 urbem
623 3209 700 3250 enini
718 3182 859 3239 ssime„
874 3161 990 3213 {ow

115 3273 132 3316 9
