2084 3404
145 128 175 173 lo
354 124 409 173 Μ.
428 122 762 174 TULLHoIcuRortls

143 207 228 258 creat.
263 202 390 269 Malleoli,
408 203 526 272 plantae,
545 206 691 270 sarmenta,
708 199 874 270 viviradices,
896 195 1003 275 propa

144 281 226 347 gines,
245 296 334 334 nonne
354 296 387 333 ca
405 280 525 334 efficiunt
542 284 574 332 ut
592 279 716 347 quemvis
734 295 795 332 cum
813 278 995 335 admiratione

143 355 299 410 delectentl
335 355 409 410 Vitis
429 356 540 429 quidem
564 371 635 422 quae
659 358 757 408 natura
780 349 881 408 caduca
905 357 948 408 est
965 358 997 410 et

143 430 195 484 nisi
207 431 276 500 fulta
288 431 325 486 sit
336 432 425 485 fertur
436 431 473 484 ad
485 433 597 495 terram,
610 430 707 483 eadem
720 434 752 483 ut
770 446 800 484 se
813 429 902 497 erigat
913 430 996 484 clavi·

144 507 212 560 culis
223 507 279 561 suis
287 507 365 576 quasi
375 506 499 560 manibus
508 505 644 573 quidquid
654 509 697 558 cst
705 509 787 560 nacta
796 506 997 574 complacitum

143 600 225 652 quam
238 586 392 652 serpentem
411 581 555 650 multiplici
574 582 652 650 lapsu
671 585 701 636 ct
718 583 836 636 erratico
848 583 921 636 forro
939 599 996 636 am-

143 664 243 727 putans
260 662 368 713 coercet
385 674 432 711 ars
448 657 636 726 agricolarum,
654 674 689 712 ne
708 659 833 712 silvescat
850 659 996 712 sarmentis

144 740 173 788 et
185 735 212 787 in
225 750 318 805 omnes
329 737 424 803 partes
435 733 519 786 nimia
530 732 670 787 fundatur.
707 737 747 787 53.
766 734 866 802 ltaque
884 735 996 788 ineunte

145 827 208 864 rere
220 810 293 864 iniis
305 826 376 878 quae
394 809 489 864 relicta
507 811 571 862 suut
589 809 698 863 exsistit
715 813 855 876 tamquam
874 810 910 863 ad
929 811 995 863 arti-

145 886 219 938 culos
231 889 430 939 sarmentorum
442 901 476 939 ca
488 901 559 952 quae
570 901 678 952 gemma
692 885 800 950 dicitur,
812 901 830 938 a
841 901 895 954 qua
907 886 997 938 oriens

144 976 197 1014 uva
214 977 274 1015 sese
291 960 431 1025 ostendit3
450 977 521 1028 quae
538 963 568 1014 et
583 976 663 1014 succo
679 963 770 1014 terrae
785 963 815 1013 et
830 961 919 1014 calore
933 962 997 1014 solis

144 1053 293 1104 augescens
304 1037 393 1105 primo
404 1040 448 1092 est
459 1035 608 1106 peracerba
617 1039 739 1104 gustatu,
749 1035 849 1090 deinde
859 1041 998 1090 maturata

144 1112 285 1181 dulcescit,
296 1114 452 1183 vestitaque
468 1114 604 1181 pampinis
620 1129 671 1167 nec
688 1112 795 1166 modico
813 1115 909 1180 tepore
921 1118 998 1166 carot

145 1193 175 1244 et
187 1189 284 1246 nimios
296 1190 360 1244 solis
372 1189 497 1244 defendit
508 1190 630 1244 ardores.
664 1189 725 1254 Qua
742 1187 810 1258 quid
827 1190 920 1258 potest
937 1205 997 1242 osse

145 1270 204 1320 tum
216 1267 308 1321 fructu
318 1267 418 1321 laetius
432 1270 490 1320 tum
503 1267 636 1333 adspectu
647 1265 805 1333 pulchriusl
841 1264 926 1332 Cujus
938 1264 998 1333 qui-

146 1341 209 1395 dcm
223 1359 277 1395 uon
292 1341 397 1396 utilitas
414 1358 458 1394 me
475 1342 570 1407 solum,
583 1346 614 1394 ut
629 1345 694 1393 ante
706 1341 771 1405 dixi,
785 1339 834 1392 sed
847 1340 929 1392 etiam
942 1337 997 1391 eul-

146 1421 209 1471 tura
228 1421 257 1469 et
275 1417 334 1483 ipsa
352 1420 451 1468 natura
470 1415 605 1468 delectat:
630 1413 856 1467 adminiculorum
880 1412 998 1478 ordines,

146 1492 265 1560 capitum
277 1490 393 1558 jugatio,
409 1490 534 1556 religatio
547 1492 576 1542 et
589 1489 748 1556 propagatio
760 1487 865 1552 vitium,
878 1503 1002 1560 sarman--

146 1570 291 1634 torumque
303 1583 336 1620 ca
348 1581 431 1634 quam
446 1564 503 1616 dixi
518 1565 633 1617 aliorum
649 1562 800 1631 amputatio
817 1560 932 1615 aliorum
949 1562 998 1615 im-

146 1642 245 1696 missio.
272 1641 343 1706 Quid
354 1657 405 1708 ego
417 1639 597 1706 irrigationes,
611 1638 678 1706 quid
690 1638 823 1691 fossiones
834 1637 895 1707 agri
907 1647 998 1706 repas

146 1718 347 1786 tinationesquc
359 1716 496 1786 proferam
509 1714 608 1782 quibus
621 1714 654 1768 fit
665 1714 751 1767 multo
760 1706 999 1768 terrafeouudio'rl

147 1802 187 1849 54.
205 1793 326 1859 Quidue
339 1792 459 1846 utilitate
466 1791 562 1859 loquar
571 1788 739 1844 stercorandi
750 1792 760 1844 l
770 1789 835 1843 :dixi
847 1790 875 1842 in
888 1807 920 1844 eo
930 1790 1000 1844 libro

147 1888 228 1940 quem
241 1870 276 1923 de
288 1868 370 1922 rebus
382 1868 492 1922 rusticis
504 1866 608 1936 scripsi,
626 1866 661 1921 de
673 1884 728 1936 qua
737 1866 842 1920 doctus
859 1866 1000 1920 Hesiodus

147 1965 181 2001 uc
190 1945 303 1999 verbum
316 1945 426 2012 quidem
438 1943 503 1996 iecit
515 1959 599 2010 quum
612 1943 648 1996 dc
661 1943 768 1996 cultura
781 1942 839 2010 agri
852 1941 1000 1998 scriberet:

147 2026 177 2076 at
196 2021 340 2087 Homerus,
358 2021 405 2089 qui
425 2019 526 2086 multis,
546 2024 578 2072 ut
597 2018 801 2084 mihi-videtur,
820 2022 892 2072 ante
904 2017 1001 2071 seculis

147 2098 208 2165 suit,
224 2097 352 2150 Laertem
370 2096 517 2150 lenientem
539 2095 714 2161 desiderium,
739 2093 815 2163 quod
836 2093 963 2162 capiebat
985 2110 1001 2147 e

148 2174 212 2243 filio,
225 2173 358 2228 colentem
377 2189 472 2240 agrum
492 2175 522 2226 et
537 2187 601 2226 'eum
617 2174 814 2224 stercorantem
834 2170 906 2224 facit.
943 2170 1002 2223 Nee

148 2267 212 2304 vcro
228 2249 368 2318 segetibus
382 2249 469 2302 solum
485 2252 515 2302 et
532 2248 620 2319 pratis
638 2251 667 2301 et
684 2246 769 2302 vineis
785 2250 814 2300 et
825 2246 945 2299 arbustis
957 2262 1002 2298 res

148 2327 266 2381 rusticae
282 2327 370 2380 laetae
386 2325 519 2393 suntsed
535 2325 618 2379 etiam
634 2325 722 2378 hortis
738 2327 768 2378 et
779 2324 924 2393 pomariis;
942 2327 1001 2376 tum

149 2403 283 2470 pecudum
301 2407 389 2469 pastu,
408 2402 500 2470 apium
518 2400 696 2467 examinibus,
716 2400 813 2453 uorum
826 2400 945 2452 omnium
958 2415 1003 2450 va-

149 2479 255 2530 rietate.
279 2478 349 2531 .Noc
361 2477 523 2531 consitiones
536 2478 618 2530 modo
638 2477 777 2530 delectant
796 2475 946 2529 sedetiam
965 2474 1003 2524 in-

149 2553 269 2615 sitiones,
281 2550 379 2618 quibus
391 2551 458 2604 nihil
472 2553 577 2606 invenit
589 2553 756 2620 agricultura
768 2551 912 2604 sollertius

202 2626 283 2679 XVI.
309 2633 351 2679 55.
378 2626 492 2685 Possum
504 2627 633 2695 persequi
646 2627 734 2679 multa
746 2625 950 2677 oblectamenta
962 2639 1008 2675 re«

150 2718 212 2754 rum
230 2701 409 2767 rusticarum;
435 2703 484 2756 sed
504 2720 537 2756 ea
558 2704 617 2772 ipsa
638 2719 708 2771 quae
728 2701 785 2753 dixi
810 2700 893 2752 iuissc
915 2699 1003 2752 sentio

150 2777 280 2855 longiora.
315 2777 467 2846 Ignoscetis
480 2785 585 2842 autom;
604 2794 667 2831 nam
685 2780 714 2831 et
731 2775 823 2830 studio
838 2791 931 2829 rerum
945 2792 1003 2828 rus-

150 2855 265 2908 ticarum
277 2859 421 2924 provectus
434 2871 501 2919 sum,
513 2859 541 2908 et
554 2858 679 2907 senectus
690 2856 733 2907 cst
744 2855 843 2905 natura
857 2851 1003 2920 loquacior,

151 2947 185 2984 ue
197 2931 231 2985 ab
244 2931 368 2985 omnibus
381 2947 441 2984 eam
455 2930 529 2983 vitiis
541 2931 636 2983 videar
647 2929 793 2984 vindicare.
824 2928 898 2998 Ergo
911 2928 939 2980 in
952 2927 1004 2981 bac

8 2870 10 2877 ι

140 3005 194 3052 uto
215 3007 261 3056 Mi
283 3007 390 3073 Curius,
412 3025 497 3076 quum
520 3007 556 3063 de
577 3004 757 3072 Samnitibus,
777 3005 813 3060 de
832 3003 953 3068 Sabinis,
971 3004 1002 3054 d*

48 3030 83 3155 ,ἦ
115 3070 231 3155 Pyrra>
260 3080 476 3154 triumphasset,
507 3085 689 3158 consumpsit
718 3088 883 3140 extremum
907 3082 998 3141 aarum

93 3141 227 3207 ammi
253 3152 343 3220 0ul'us
366 3161 489 3229 quidem
515 3183 570 3238 ego
594 3165 699 3224 villam
723 3156 938 3232 contemplans,
955 3148 1009 3202 aba
