2084 3404
90 127 121 171 38
314 122 353 171 Μ.
371 121 498 171 TULLII
518 121 709 170 CICERONIS

88 217 143 254 non
154 202 262 268 potest:
278 199 385 269 deinde,
395 218 480 271 quum
492 201 587 255 similis
598 218 694 256 sanstus
705 201 814 256 exstitit
826 202 937 270 amoris,

88 276 112 330 si
128 275 246 344 aliquem
263 277 338 331 nacti
357 293 450 332 sumus
468 276 546 345 cujus
565 294 626 331 cum
647 277 768 331 moribus
787 280 817 331 et
833 282 938 339 ¹natura

88 368 274 420 congruamus,
285 353 359 421 quod
371 354 399 406 in
411 369 443 406 eo
463 353 541 420 quasi
557 353 649 406 lumen
665 353 775 421 aliquod
789 353 937 420 probitatis

88 430 118 480 et
138 428 250 481 virtutis
268 429 421 496 perspicere
443 428 591 482 videamur.
635 434 676 484 28.
705 429 781 482 Nihil
802 433 844 482 est
864 429 936 482 enim

89 502 232 576 amabilius
243 502 361 566 virtute3
377 502 444 555 nihil
461 503 535 570 quod
554 504 643 571 magis
656 504 758 558 alliciat
769 504 805 577 ad
824 505 937 573 diligen-

89 578 168 632 dum:
196 579 296 647 quippe
319 596 404 647 quum
425 585 540 650 propter
560 583 693 636 virtutem
714 587 745 637 et
772 585 938 652 probitatem

88 654 174 706 etiam
187 670 314 720 eosquos
332 671 472 723 nunquam
484 657 601 710 vidimus
613 659 732 726 quodam
750 659 832 712 modo
845 660 938 726 diliga-

88 744 155 781 mus.
180 728 246 791 Quis
259 733 302 781 est
315 730 360 795 qui
374 730 403 782 O.
414 731 540 796 Fabricii,
550 733 594 784 Μ’.
604 733 679 786 Curii
688 751 742 785 non
751 751 813 786 cum
823 735 940 787 caritate

89 802 181 870 aliqua
197 806 232 856 et
250 801 440 856 benevolentia
457 805 624 857 memoriam
639 810 759 873 usurpet,
781 822 850 873 quos
870 822 939 858 nun-

90 893 172 944 quam
184 877 304 931 videritl
340 877 406 941 Quis
419 882 510 931 autom
528 880 630 946 estqui
647 880 822 946 Tarquinium
839 880 939 946 Super·

91 953 162 1020 bum,
175 954 222 1022 qui
235 953 278 1022 Sp.
297 953 427 1020 Cassium,
439 953 490 1021 Sp.
508 953 638 1006 Maelium
654 971 707 1006 non
723 955 832 1008 oderitl
868 955 937 1007 (lum

90 1028 197 1082 duobus
217 1029 332 1091 ducibus
353 1029 388 1082 de
405 1029 519 1097 imperio
539 1029 567 1081 in
589 1030 671 1083 ltalia
695 1029 864 1083 decertatum
885 1033 939 1094 est,
968 1067 970 1071 .

90 1104 194 1172 Pyrrho
207 1109 235 1160 et
248 1105 394 1159 Annibale.
426 1104 474 1158 Ab
481 1104 567 1159 altero
579 1109 692 1175 propter
703 1105 868 1174 probitatem
878 1103 940 1172 ejus

89 1197 143 1234 non
163 1183 244 1235 nimis
262 1182 363 1236 alienos
387 1182 492 1234 animos
513 1181 664 1246 habemus;
685 1182 802 1235 alterum
825 1185 940 1250 propter

90 1257 281 1312 crudelitatem
294 1275 401 1326 sempor
412 1257 480 1312 liaeo
491 1258 588 1311 ciuitas
598 1258 695 1312 oderit
752 1312 755 1316 ,
812 1314 814 1319 ,

143 1333 192 1386 ΙΧ.
206 1340 246 1387 29.
272 1334 348 1398 Quod
361 1334 384 1386 si
397 1337 475 1387 tanta
487 1334 528 1386 vis
539 1331 684 1402 probitatis
696 1337 782 1387 estut
791 1332 938 1387 eamvelin

91 1408 130 1462 eis
142 1425 210 1474 quos
222 1426 360 1476 uunquam
372 1409 496 1473 vidimus,
506 1409 557 1475 uel,
570 1409 643 1475 quod
655 1409 743 1474 majus
756 1412 805 1473 est,
818 1408 845 1459 in
859 1408 940 1458 hoste

90 1482 173 1536 etiam
190 1482 342 1550 diligamus,
357 1482 423 1548 quid
439 1483 538 1535 mirum
556 1484 578 1535 si
595 1483 678 1535 animi
693 1483 831 1534 homiuum
848 1497 937 1534 move-

90 1561 177 1623 antur,
191 1575 275 1625 quum
287 1574 380 1612 eorum
388 1557 547 1624 quibuscum
554 1573 606 1608 usu
614 1556 750 1624 conjuncti
758 1560 939 1624 essepossunt

89 1633 220 1686 virtutem
240 1636 269 1686 et
287 1633 439 1686 bonitatem
462 1632 617 1700 perspicere
640 1633 803 1693 videanturl
840 1633 939 1694 Quam-

91 1725 172 1776 quam
192 1709 370 1762 confirmatur
383 1707 459 1760 amor
477 1712 506 1762 et
521 1708 654 1761 beneficio
671 1711 781 1775 accepto
800 1711 830 1760 et
847 1707 939 1760 studio

89 1789 234 1852 perspecto
252 1787 281 1837 et
298 1784 495 1837 consuetudine
511 1783 656 1848 adiuncta;
673 1783 773 1851 quibus
796 1784 878 1836 rebus
901 1783 939 1834 ad

89 1860 167 1914 illum
185 1860 304 1928 primum
323 1862 428 1930 motum
449 1860 532 1912 animi
551 1863 579 1912 et
595 1860 696 1912 amoris
709 1858 839 1912 adhibitis
854 1858 939 1912 admi·

90 1935 186 1989 rabilis
204 1935 337 2001 quaedam
355 1935 507 1988 exardescit
524 1935 737 1991 ,benevolentiae
761 1934 940 2002 magnitudo:

92 2026 173 2077 quam
186 2011 208 2063 si
221 2010 268 2079 qui
281 2014 381 2078 putant
392 2010 430 2063 ab
439 2009 631 2065 imbecillitate
638 2011 781 2078 proficisci,
794 2015 825 2064 ut
839 2012 875 2062 sit
889 2026 940 2076 per

92 2102 173 2153 quem
183 2090 346 2153 assequatur
356 2086 432 2154 ¹quod
444 2086 560 2154 quisque
571 2085 718 2153 desideret,
728 2085 857 2139 humilem
874 2102 940 2137 sane

91 2162 251 2229 relinquunt
269 2164 299 2215 et
315 2162 425 2215 minime
441 2178 610 2229 generosum,
630 2165 662 2214 nt
678 2162 718 2215 ita
734 2162 830 2227 dicam,
848 2163 939 2214 ortum

92 2238 228 2291 amicitiae
240 2255 321 2307 quarn
331 2256 365 2293 ex
376 2239 467 2306 inopia
479 2242 564 2306 atque
575 2237 727 2305 indigentia
735 2240 827 2290 natam
837 2235 940 2288 volunt.

92 2314 172 2377 Quod
184 2314 207 2367 si
218 2314 260 2371 ita
271 2318 396 2382 esset'ut
409 2315 524 2382 quisque
536 2314 676 2366 minimum
695 2314 723 2366 in
743 2329 772 2365 se
791 2329 851 2364 esse
868 2310 939 2364 arbi-

91 2393 219 2456 traretur,
232 2391 274 2444 ita
284 2391 320 2444 ad
331 2391 479 2447 amicitiam
491 2395 564 2444 esset
575 2391 731 2459 aptissimus
744 2409 751 2443 :
769 2387 842 2456 quod
858 2387 940 2453 longe

92 2480 170 2517 secus
189 2468 239 2518 est.
274 2471 315 2519 30.
333 2466 374 2519 Ut
386 2467 457 2523 euim
471 2467 586 2535 quisque
598 2466 649 2519 sibi
661 2462 940 2534 plurimumooufidit

92 2543 121 2592 et
132 2543 164 2592 nt
181 2540 296 2607 quisque
312 2541 430 2593 maxime
448 2542 550 2595 virtute
569 2546 598 2595 et
617 2541 750 2609 sapientia
764 2541 803 2592 sic
818 2538 939 2590 munitus

92 2617 136 2667 est
144 2617 175 2666 ut
184 2614 257 2666 nullo
269 2618 349 2680 egeat
356 2630 458 2681 suaque
471 2617 560 2668 omnia
571 2616 599 2668 in
612 2617 712 2683 seipso
727 2614 816 2681 posita
824 2611 939 2678 judicet,

92 2691 132 2742 ita
147 2690 174 2741 in
187 2688 312 2741 amicitiis
330 2691 490 2756 expetendis
508 2690 681 2757 colendisque
693 2689 812 2744 maxime
823 2686 953 2740 excellit·

95 2759 166 2830 Quid
175 2764 248 2817 euim
258 2765 400 2818 Africanus
412 2766 538 2832 indigens
550 2766 604 2817 mei
613 2769 622 2818 ‘l
658 2765 771 2818 Minime
782 2761 888 2814 hercle:
907 2777 939 2812 ac

93 2859 128 2894 ne
141 2858 191 2908 ego
204 2840 315 2908 quidem
327 2841 417 2905 illius;
434 2842 482 2894 sed
495 2859 545 2908 ego
562 2841 741 2894 admiratione
753 2837 870 2907 quadam
885 2837 940 2898 uir-

94 2918 162 2970 tutis
175 2917 243 2983 cjus,
256 2918 302 2970 ille
313 2917 430 2969 vicissim
443 2917 568 2985 opinione
584 2917 700 2969 fortasse
715 2912 843 2972 nonnulla
858 2928 939 2979 quam

79 2990 118 3037 de
136 2991 210 3041 meis
226 2993 352 3053 moribus
375 2992 495 3048 habebat
516 3009 562 3047 me
583 2991 699 3056 dilexit3
723 2989 799 3043 auxit
825 2987 938 3040 benevo

59 3055 185 3114 lentiam
197 3069 385 3126 consuetudo.
422 3070 482 3126 Sed
490 3063 957 3143 quamquamuulttatesmutsast

42 3137 178 3196 magnae
202 3149 383 3203 obsecutae
400 3152 482 3222 sunt,
492 3166 554 3206 non
570 3150 641 3205 sunt
655 3141 803 3203 tamenab
815 3149 913 3190 aarum
921 3146 979 3196 spe,
