2084 3404
281 135 446 185 nastros
482 135 561 186 cae.
579 134 790 187 xxiaxxv.
870 188 872 194 .
920 139 960 208 ss

107 219 150 272 est
161 233 294 272 venenum
306 217 456 282 amicitiae;
468 216 518 271 sed
529 216 690 285 obsequium
706 216 793 271 multo
809 212 958 287 molestius,

107 295 181 362 quod
191 295 310 363 peccatis
322 292 466 361 indulgens
477 292 656 362 praeeipitem
669 292 786 346 amicum
799 295 864 347 ferri
879 295 959 359 sinit;

107 371 225 422 maxima
242 373 334 422 autem
350 369 429 436 culpa
441 369 469 421 in
482 385 514 421 eo
532 367 622 435 quiet
637 368 782 422 veritatem
797 373 959 437 aspernatur

107 449 136 498 et
147 446 175 498 in
186 445 311 498 fraudem
324 443 626 513 obsequio'impellitur.
663 443 743 496 Omni
760 443 845 511 igitur
861 444 911 498 hae
930 447 958 498 in

107 537 138 574 re
149 521 274 574 habenda
285 521 356 574 ratio
368 524 397 574 et
416 519 558 586 diligentia
579 525 629 586 est,
649 519 775 588 primum,
794 523 826 573 ut
846 521 959 574 monitio

107 597 265 664 acerbitate,
284 596 383 650 deinde
401 599 433 649 ut
449 594 604 663 objurgatio
623 595 788 649 contumelia
806 600 913 661 careat3
931 596 959 649 in

50 678 54 680 ’
105 673 238 742 obsequio
262 676 361 738 autem,
386 672 514 742 quoniam
538 671 701 725 Terentiano
724 671 809 725 verbo
830 671 959 725 lubenter
1005 709 1014 728 ,

107 749 218 816 utimur,
237 749 351 803 comitas
359 748 439 816 adsit,
452 748 600 801 assentatio
612 748 740 801 vitiorum
757 747 880 816 adjutrix
898 765 960 817 pro

108 825 151 877 cul
170 829 335 892 amoveatur,
348 841 419 892 quae
431 839 484 876 non
497 823 577 877 medo
587 824 673 877 amico
690 823 740 877 sed
751 841 786 877 ne
797 824 885 877 libero
899 824 960 892 qui-

108 901 171 954 dem
188 900 270 969 digna
289 905 346 956 est:
369 901 450 954 aliter
475 900 628 954 enimcum
650 904 772 967 tyranno,
796 900 876 953 aliter
897 917 959 953 cum

107 977 193 1030 amieo
208 977 316 1030 vivitur.
352 983 393 1031 90.
413 976 499 1045 Cujus
516 980 608 1029 autem
625 991 704 1028 aures
724 976 834 1029 veritati
851 977 959 1029 clausae

108 1056 172 1105 sunt
182 1055 214 1106 ut
226 1053 261 1106 ab
273 1052 360 1106 amice
372 1069 468 1105 verum
481 1051 576 1105 audire
588 1055 715 1120 nequeat,
728 1051 811 1118 hujus
823 1052 896 1104 salus
914 1051 959 1104 de-

109 1127 243 1194 speranda
256 1131 306 1180 est.
339 1127 444 1180 Scitum
457 1130 500 1180 est
512 1126 584 1179 enim
597 1125 665 1178 illud
676 1127 797 1191 Catonis,
810 1132 842 1179 ut
855 1127 957 1180 multo:

109 1201 205 1254 melius
220 1202 255 1255 de
267 1200 432 1271 quibusdam
445 1201 556 1254 acerbos
568 1201 690 1253 inimicos
702 1201 802 1253 mereri
816 1218 897 1269 quam
910 1219 957 1255 eos

109 1277 209 1330 amicos
227 1277 275 1346 qui
291 1277 384 1343 dulces
402 1276 564 1340 videantur;
582 1275 642 1328 illos
654 1292 749 1329 verum
767 1292 848 1344 saepe
861 1277 960 1349 dicere,

108 1353 158 1408 hos
174 1370 321 1422 nunquam.
357 1355 452 1422 Atque
469 1351 538 1405 illud
551 1350 700 1405 absurdum
718 1353 856 1421 estquod
874 1353 893 1405 ii
911 1354 959 1421 qui

30 1477 31 1488 ,
108 1434 253 1484 monentur
277 1447 337 1483 earn
361 1428 513 1482 molestiam
542 1445 624 1496 quam
649 1427 752 1482 debent
781 1446 878 1498 capere
906 1447 957 1484 noa

53 1545 54 1548 ,
107 1506 223 1574 capiunt,
246 1521 307 1559 eam
334 1504 447 1574 capiunt
475 1521 530 1573 qua
557 1503 661 1558 debent
685 1522 807 1560 vacarem
828 1506 960 1560 Pcecassc

108 1583 222 1636 enimse
238 1598 292 1635 non
307 1584 463 1648 anguntur;
480 1580 620 1648 objurgari
634 1581 748 1634 moleste
760 1581 866 1643 ferunt;
885 1581 959 1651 quod
1010 1619 1017 1630 .

108 1663 204 1711 contra
216 1656 362 1725 oportebat
375 1655 474 1710 delicto
489 1656 590 1723 dolere,
609 1657 777 1711 correctione
789 1658 920 1725 gaudere.

160 1734 251 1787 XXV.
286 1739 327 1787 91.
346 1732 386 1786 Ut
399 1731 488 1800 igitur-
497 1735 527 1786 et
539 1749 650 1786 monere
663 1736 693 1787 et
704 1734 809 1786 moneri
818 1734 958 1801 propriam

109 1812 152 1862 est
166 1825 248 1862 verae
260 1808 403 1876 amicitiae,
415 1812 445 1861 et
457 1809 574 1862 alterum
586 1807 672 1861 libere
684 1809 774 1862 facere
786 1824 839 1861 non
855 1826 959 1876 aspere,

109 1885 227 1937 alterum
239 1884 377 1951 patienter
397 1884 519 1953 accipere
530 1901 584 1936 non
601 1888 792 1952 repugnanter,
803 1885 841 1938 sie
860 1882 960 1938 haben.

109 1959 176 2012 dum
188 1962 231 2013 est
242 1960 344 2012 nullam
355 1960 383 2013 in
393 1958 518 2013 amicitiis
537 1962 643 2027 pestem
660 1976 720 2013 esse
732 1960 864 2029 majorem
877 1978 959 2028 quam

109 2035 301 2102 adulationem,
311 2035 482 2103 blanditiam,
498 2035 727 2089 assentationem:
744 2036 867 2103 quamvis
886 2035 958 2089 enim

109 2112 202 2165 multis
225 2112 380 2166 nominibus
404 2115 448 2165 est
477 2111 529 2164 hoc
557 2111 655 2164 vitium
683 2111 832 2164 notandum
860 2111 959 2164 lovium

109 2187 247 2241 hominum
266 2191 350 2256 atque
370 2187 514 2254 fallacium,
535 2185 572 2239 ad
596 2186 764 2252 voluptatem
788 2186 959 2252 loquentium

110 2263 205 2327 omnia,
217 2262 284 2314 nihil
301 2262 338 2314 ad
351 2261 511 2331 ¹veritatem.
547 2267 587 2314 92.
607 2261 696 2323 Quum
720 2263 812 2312 autem
837 2259 963 2329 omnium¹

109 2355 201 2390 rerum
218 2337 354 2398 simulatio
373 2336 471 2410 vitiosa
491 2339 542 2403 est,
561 2336 634 2389 tollit
653 2336 725 2388 eninr
738 2357 741 2365 ·
746 2335 881 2402 judicium
902 2336 959 2390 reri

108 2410 198 2483 idque„
204 2412 350 2478 adulterat,
361 2415 422 2483 tum
430 2410 565 2464 amicitiae
582 2403 716 2480 repugnat
734 2411 868 2476 niaxime3
885 2413 960 2468 delet

109 2488 181 2542 enim
204 2488 349 2556 veritatem
370 2487 428 2540 siire
450 2503 504 2554 qua
524 2503 622 2540 nomen
641 2486 776 2540 amicitiae
796 2487 886 2541 valere
906 2506 959 2543 non

108 2567 207 2633 potest.
242 2563 313 2616 Nam
323 2580 407 2632 quum
420 2563 556 2617 amicitiae
568 2563 608 2615 ris
621 2563 657 2616 sit
665 2563 694 2615 in
706 2580 738 2617 eo
750 2567 782 2617 ut
794 2581 864 2617 arnus
881 2567 959 2633 quasi

108 2640 214 2694 animus
226 2640 275 2692 fiat
288 2639 463 2708 expluribus,
477 2639 523 2707 qni
536 2638 567 2692 id
579 2639 638 2691 lieri
650 2640 760 2706 poterit,
781 2641 803 2710 si
814 2658 848 2694 ne
860 2641 888 2693 in
905 2659 959 2694 uno

108 2717 219 2786 quidem
231 2732 341 2784 quoque
357 2732 427 2768 unus
443 2716 550 2768 animus
566 2715 619 2768 erit
637 2715 766 2785 idemque
783 2734 892 2783 semper
909 2719 958 2770 sed

107 2793 205 2860 varius,
231 2791 437 2856 commutabilis,
461 2791 624 2859 multiplex?
646 2795 700 2846 es.
721 2793 795 2856 Quid
818 2793 888 2843 enim
913 2809 959 2859 po

108 2872 163 2923 test
175 2886 235 2922 esse
251 2873 308 2922 tam
325 2868 452 2935 flexibile,
465 2872 521 2921 tam
534 2868 650 2935 devium,
672 2884 753 2936 quam
773 2868 878 2919 animus
899 2868 959 2934 ejus

110 2946 155 3012 qui
169 2945 205 2998 ad
221 2944 335 2998 alterius
354 2961 408 2997 non
431 2944 513 2997 modo
537 2961 650 2996 sensum
667 2959 702 2993 ac
718 2942 904 2991 aemam
921 2941 984 2980 ses

108 3021 188 3072 etiam
202 3021 309 3075 vultum
318 3023 405 3093 atque
416 3024 523 3075 nutum
534 3014 741 3075 conversaturi
823 3080 831 3090 ι
992 3055 1030 3092 Ἃ,

115 3103 146 3150 N
145 3111 203 3167 egat
215 3108 284 3171 quia
301 3124 384 3174 nego:
396 3109 457 3170 ait3
471 3108 515 3158 elie
527 3123 537 3156 ·.
551 3094 844 3170 postremo'xmperasx
852 3071 1006 3130 egoffiffi

110 3175 207 3228 Omnia
219 3183 372 3236 menam:
