2084 3404
81 125 113 180 70
136 157 139 164 ·
423 123 598 174 EPISTOLA

81 209 270 265 difficultatem
288 225 415 278 magnam
435 209 552 266 afferunt
569 211 717 282 publicani,
734 212 834 283 quibus
851 213 875 269 si
890 214 940 270 ad·

80 302 227 354 versamur,
240 285 363 339 ordinem
377 286 412 340 de
430 287 508 340 nobis
521 290 624 357 optime
635 289 766 343 meritum'
782 294 811 344 et
823 308 874 359 per
889 310 956 358 nos⁸

79 377 141 414 cum
153 378 184 415 re
196 361 304 430 publica
320 361 495 430 conjunctum
508 367 537 416 et
547 380 563 415 a
574 362 653 416 nobis
666 368 695 418 et
707 381 723 417 a
735 381 765 418 re
777 366 886 434 publica
897 369 938 421 di·

74 435 249 505 jungemus·
266 437 313 491 Sin
337 441 429 491 autem
450 438 575 491 omnibus
593 440 621 492 in
642 439 724 494 rebus
748 441 936 510 obsequemur,

78 512 202 567 funditus
218 513 369 582 cooperire
387 513 524 581 patiemur
540 530 655 582 quorum
674 532 728 569 non
749 517 830 571 modo
855 519 936 572 saluti

79 589 222 643 sedetiam
235 589 383 642 commodis
396 590 535 643 consulere
548 591 685 646 debemus,
721 594 799 647 Haec
816 597 859 647 est
874 610 936 662 una,

79 665 177 719 sivero
193 665 313 732 cogitare
326 664 457 733 volumus,
469 664 496 716 in
513 669 573 719 toto
589 667 703 735 imperio
717 671 766 722 tuo
784 669 935 724 difficultas
993 719 995 722 .

78 741 150 795 Nam
173 758 234 795 esse
254 741 445 811 abstinentem,
473 743 612 797 continere
636 760 729 796 omnes
762 745 935 814 cupiditates,v

78 833 140 871 suos
164 834 296 884 coercere,
312 817 384 885 juris
401 818 574 887 aequabilem
593 823 688 873 tenere
708 820 852 889 rationem,
871 822 937 876 faei-

77 893 131 945 lem
155 910 184 947 se
199 894 228 946 in
244 893 326 948 rebus
352 895 552 962 cognoscendis,
570 895 598 946 in
617 895 771 947 hominibus
786 895 936 950 'audiendis

77 969 310 1038 admittendisque
330 970 468 1040 praebere,
491 971 659 1038 praeclarum
680 970 766 1037 magis
788 973 831 1023 est
850 989 935 1039 quam

77 1044 193 1100 difficile.
230 1046 256 1099 N
258 1063 292 1100 on
302 1054 345 1102 est
357 1047 428 1101 enim
440 1047 559 1117 positum
575 1046 604 1099 in
620 1045 714 1100 labore
730 1045 822 1115 aliquo
836 1046 887 1100 sed
904 1049 934 1102 in

78 1122 195 1189 quadam
220 1123 376 1178 inductione
401 1125 484 1179 animi
507 1127 592 1193 atque
621 1123 767 1190 voluntate.
814 1127 855 1176 33.
881 1123 935 1178 Illa

58 1214 158 1252 ·eausa
175 1198 381 1267 publicanorum
400 1204 529 1268 quantam
546 1199 724 1253 acerbitatem
741 1197 837 1251 afferat
854 1199 934 1253 sociis

77 1273 261 1330 intelleximus
280 1294 314 1330 ex
334 1276 444 1344 civibus,
464 1276 510 1344 qui
529 1292 616 1343 nuper
634 1274 662 1326 in
686 1274 814 1343 portoriis
835 1274 933 1328 Italiae

76 1351 204 1405 tollendis
212 1369 266 1405 non
279 1356 336 1405 tam
350 1350 518 1420 de'portorio
530 1368 613 1418 quam
626 1350 661 1404 de
673 1348 808 1403 nonnullis
825 1349 933 1416 injuriis

75 1427 240 1493 portitorum
253 1426 447 1494 querebantur.
484 1426 574 1489 Quare
586 1443 639 1478 non
654 1426 751 1492 ignoro
768 1424 837 1493 quid
853 1425 932 1479 sociis

76 1501 182 1554 accidat
194 1502 222 1554 in
233 1500 337 1554 ultimis
348 1501 439 1567 terris,
451 1516 535 1568 quum
547 1500 681 1553 audierim
694 1500 722 1552 in
737 1500 819 1554 Italia
836 1517 932 1569 quere-

75 1577 115 1630 las
134 1576 239 1630 civium
277 1576 331 1629 llic
346 1579 376 1629 te
392 1576 432 1630 ita
452 1575 555 1629 versari
575 1577 607 1628 ut
631 1578 660 1628 et
678 1575 829 1644 publicanis
854 1576 932 1632 satis.

75 1652 164 1721 facias,
188 1653 351 1720 praesertim
376 1651 492 1721 publicis
517 1652 587 1706 male
611 1651 768 1721 redemptis,
792 1656 822 1706 et
846 1653 932 1707 socios

74 1727 165 1795 perire
176 1745 230 1782 non
239 1729 318 1795 sinas,
332 1728 439 1781 divinae
452 1727 593 1796 eujusdam
609 1728 719 1782 virtutis
735 1745 795 1782 esse
813 1728 931 1797 videtur,

75 1803 104 1856 id
116 1809 167 1874 est,
179 1808 252 1860 tuae.
290 1807 332 1859 Ao
343 1804 462 1873 primum
475 1803 585 1858 Graecis
594 1803 624 1856 id
637 1803 710 1872 quod
727 1803 931 1858 acerbissimum

75 1885 118 1935 est
130 1881 205 1950 quod
217 1885 281 1936 sunt
295 1881 443 1948 vectigales
459 1897 513 1934 non
529 1881 570 1934 ita
585 1881 712 1934 acerbum
730 1878 817 1933 videri
839 1879 931 1947 debet,

74 1962 223 2025 propterea
240 1957 314 2024 quod
327 1957 385 2010 sine
398 1957 511 2025 imperio
532 1955 625 2025 populi
648 1956 764 2010 Romani
777 1955 832 2009 suis
853 1956 932 2010 insti-

77 2033 143 2085 tutis
159 2030 213 2101 per¹
225 2049 255 2086 se
268 2033 319 2100 ipsi
340 2033 380 2085 ita
400 2032 517 2085 fuerunt.
553 2031 660 2084 Nomen
681 2034 773 2084 autem
792 2029 931 2100 publicani

74 2109 214 2174 aspernari
237 2125 290 2162 non
308 2111 428 2177 possunt,
451 2107 497 2176 qui
516 2107 637 2175 pendere
656 2106 709 2174 ipsi
733 2105 850 2172 vectigal
870 2105 930 2160 aine

74 2184 216 2250 publicano
244 2202 297 2239 non
326 2188 481 2253 potuerunt,
511 2183 584 2252 quod
612 2182 646 2235 iis
674 2181 826 2250 aequaliter
855 2180 930 2234 Sulla

74 2260 256 2330 discripserat.
299 2260 361 2314 Non
386 2278 446 2314 esse
469 2264 562 2315 autem
584 2258 702 2312 leniores
731 2257 758 2309 in
788 2256 930 2324 exigendis

74 2338 252 2405 vectigalibus
266 2338 385 2392 Graecos
398 2354 480 2405 quam
498 2340 606 2390 nostros
625 2334 783 2421 publicanos
805 2333 868 2386 hino
888 2333 930 2385 in-

74 2413 161 2480 telligi
173 2419 275 2482 potest,
289 2414 363 2483 quod
383 2413 480 2466 Caunii
501 2429 595 2480 nuper,
615 2427 762 2478 omnesque
782 2426 816 2462 ex
834 2409 930 2461 insulis

74 2505 144 2555 quae
157 2493 235 2543 orant
255 2490 289 2541 ab
307 2489 382 2542 Sulla
398 2488 513 2542 Rhodiis
533 2486 691 2552 attributae,
701 2486 880 2552 confugerunt
893 2484 929 2537 ad

75 2563 212 2630 Senatum,
228 2563 306 2615 uobis
327 2567 359 2617 ut
380 2563 472 2630 potius
492 2563 607 2630 vectigal
626 2579 708 2630 quam
728 2560 843 2613 Rhodiis
862 2574 929 2625 pen-

74 2639 178 2692 derent.
215 2638 305 2702 Quare
324 2655 421 2691 nomen
441 2638 578 2706 publicani
597 2653 687 2704 neque
707 2637 728 2689 ii
744 2634 848 2688 debent
866 2633 928 2686 hor-

74 2733 135 2769 rere
152 2715 198 2784 qui
216 2730 324 2782 semper
345 2713 494 2781 vectigales
506 2715 634 2777 fuerunt3
653 2727 742 2779 neque
753 2710 773 2763 ii
789 2710 927 2777 aspernari

75 2792 121 2860 qui
140 2808 190 2860 per
208 2807 238 2845 se
256 2788 378 2860 pendere
396 2789 513 2857 vectigal
536 2805 589 2842 non
608 2789 775 2856 potuerunt;
803 2801 893 2853 neque
907 2785 928 2838 ii

74 2885 200 2923 recusare
219 2867 266 2936 qui
291 2866 505 2935 postulaverunt.
549 2870 589 2918 34.
615 2862 700 2916 Simul
720 2865 750 2915 et
772 2861 839 2914 illud
860 2861 928 2914 Asia

69 2945 176 3008 cogitet
187 2944 290 2997 nullam
308 2959 325 2996 a
342 2960 372 2996 so
392 2959 482 3012 neque
501 2941 567 2995 belli
586 2938 692 2994 externi
713 2954 801 3006 neque
822 2937 927 2991 domes-

50 3015 173 3068 tr'earum
193 3019 400 3074 discordiarum
418 3019 606 3076 calamitatem
621 3015 779 3072 abluturam
793 3014 889 3078 trusae,
905 3015 931 3066 si

29 3079 300 3162 ¹¹⁰?sml'01'1'onon
322 3101 481 3156 teneretur.
521 3100 559 3155 ld
577 3091 843 3162 aulmnimperlum
859 3103 948 3156 quum

18 3152 148 3212 mmm
169 3167 239 3223 ⁸5⁶⁶
271 3176 474 3247 vectigalibus
505 3179 590 3237 nullo
619 3172 710 3232 modo
739 3167 846 3229 possit.
870 3172 964 3225 aaa&
