2084 3404
226 114 316 166 CATO
333 111 466 164 MAIOR.
502 112 579 164 OAP.
598 112 690 164 XVII.
709 112 817 165 XVIII.
916 117 945 166 21

98 196 226 253 laudibus
237 196 363 250 emnium
370 201 443 248 esset
454 194 527 249 fama
538 199 718 248 consentiens.
754 195 841 258 Quem
851 196 946 261 ¹uirum

97 291 185 342 nuper
205 273 235 326 P.
248 272 375 325 Crassum
394 270 555 326 Pontificem
575 271 734 336 Maximum,
752 288 833 339 quem
852 278 947 342 postea

96 351 134 405 M.
144 348 278 418 Lepidum
287 347 384 400 eodem
393 347 546 399 sacerdotio
555 347 712 415 praeditum
720 348 850 402 vidimus!
875 349 947 414 Quid

96 427 131 479 de
144 424 240 479 Paullo
253 427 302 476 aut
316 422 447 476 Africano
460 423 563 491 loquar,
577 427 625 476 aut
636 426 668 476 ut
674 422 734 490 jam
746 428 810 478 ante
823 425 858 478 de
870 427 947 489 hIax·

96 503 166 554 imol
185 516 301 568 querum
314 516 368 552 non
380 498 410 550 in
423 500 560 553 sententia
572 500 664 563 solum,
677 500 727 553 sed
742 501 825 553 etiam
837 502 865 554 in
877 507 947 555 nutu

96 576 234 630 residebat
256 576 411 629 auctoritas.
450 575 545 628 Habet
564 578 696 643 senectus,
717 577 849 630 honorata
868 593 946 646 prae-

96 653 199 719 sertIm,
208 655 315 705 tantam
330 651 520 705 auctoritatem
529 655 562 704 ut
573 667 607 704 ea
617 650 704 719 pluris
716 651 753 705 sit
762 667 844 719 quarn
853 668 946 706 omnes

97 728 299 781 adolescentiae
312 727 475 795 voluptates.

148 803 262 857 XVIII.
293 808 333 856 62.
359 802 413 856 Sed
431 803 460 855 in
478 802 551 856 omni
566 803 687 858 oratione
704 808 871 859 mementote
884 821 946 858 eam

97 896 141 933 me
153 877 450 933 senectutem-laudare
463 895 533 946 quae
548 879 732 942 fundamentis
746 880 945 934 adolescentiae

97 956 244 1008 constituta
270 955 314 1008 sit.
352 954 394 1006 Ex
417 970 471 1021 quo
491 953 606 1007 efficitur
629 954 659 1007 id
678 955 752 1022 quod
776 973 825 1022 ego
848 972 958 1022 magno·

97 1031 233 1097 quondam
253 1046 314 1083 cum
332 1046 445 1083 assensu
462 1029 582 1082 omnium
601 1028 665 1096 dixi,
684 1029 814 1082 Miseram
829 1047 888 1084 esse
904 1047 945 1084 se-

97 1111 235 1160 nectutem
251 1123 321 1174 quae
337 1122 366 1157 se
385 1105 506 1158 oratione
522 1103 691 1159 defenderet.
728 1106 753 1156 N
755 1122 790 1158 on
807 1107 873 1171 cani,
891 1123 945 1159 non

99 1196 182 1246 rugae
200 1184 313 1247 repente
331 1179 523 1262 auctoritatem
542 1179 663 1247 arripere
681 1184 809 1247 possunt;
834 1181 882 1234 sed
900 1181 946 1234 ho-

100 1258 178 1307 neste
196 1258 257 1307 acta
275 1253 397 1321 superior
416 1256 491 1306 aetas
508 1252 613 1305 fmctus
630 1254 704 1322 capit
718 1255 887 1318 auctoritatis
901 1272 946 1308 ex-

98 1334 207 1384 tremos.
252 1335 293 1384 63.
324 1329 401 1382 Haec
425 1328 506 1382 enim.
521 1330 580 1398 ipsa
604 1334 668 1383 sunt
690 1330 857 1384 honorabilia
876 1348 946 1400 quae

97 1405 226 1459 videntur
239 1405 310 1458 levia
324 1408 407 1472 atque
419 1406 567 1458 eommunia
594 1404 714 1472 salutari,
729 1406 829 1474 appeti,
842 1406 945 1476 decedi,

97 1481 210 1549 assurgi,
224 1480 331 1548 deduci,
345 1479 449 1547 reduci,
461 1479 563 1532 consuli
573 1501 579 1543 ;
591 1496 669 1548 ¹quae
683 1485 712 1534 et
723 1481 797 1550 apud
811 1499 860 1536 nos
874 1486 903 1536 et
916 1483 945 1536 in

88 1556 157 1609 aliis
172 1557 336 1622 civitatibus,
350 1559 383 1609 ut
396 1572 520 1624 quaeque
532 1556 634 1624 optime
649 1560 762 1625 morata,
777 1556 818 1611 ita
832 1559 944 1627 diligen

97 1633 201 1685 tissime
214 1631 401 1685 observantur.
425 1631 596 1700 Lysandrum
608 1631 860 1701 Lacedaemonium,
867 1633 945 1702 cujus

97 1708 178 1760 modo
202 1707 368 1761 mentionem
391 1708 451 1774 feci,
471 1706 563 1760 dicere
582 1708 660 1762 aiunt
679 1708 788 1762 solitum
810 1710 945 1764 Lacedae-

97 1798 204 1836 monem
216 1800 276 1837 esse
288 1783 509 1836 honestissimum
522 1781 688 1836 domicilium
701 1785 863 1837 senectutis:
882 1801 945 1838 nus-

98 1874 179 1926 quam
192 1860 263 1912 enim
275 1862 384 1912 tantum
397 1857 532 1911 tribuitur
545 1858 636 1926 aetati,
649 1875 782 1926 nusquam
797 1862 840 1912 est
854 1877 945 1914 senae

96 1936 142 1986 tus
161 1934 324 1988 honoratior.
349 1931 434 1996 ‘Quia
454 1932 547 1986 etiam
561 1935 707 1998 memoriae
730 1935 869 2003 proditum
893 1939 943 2002 est,

97 2026 181 2079 quum
198 2009 316 2065 Athenis
329 2008 402 2062 ludis
417 2008 529 2077 quidam
548 2010 577 2062 ia
594 2010 732 2064 theatrum
749 2010 862 2078 grandis
877 2015 944 2077 natu

64 2141 67 2146 .
96 2090 222 2150 venisset,
236 2085 266 2138 in
277 2101 376 2152 magno
388 2101 515 2138 consessu
531 2086 618 2139 locum
634 2103 766 2154 nusquam
781 2087 807 2139 ei
821 2086 945 2139 datuma

96 2160 279 2227 suiscivibus3
297 2177 381 2228 quum
391 2165 483 2214 autem
495 2160 531 2213 ad
546 2161 944 2221 Lacedaemoniosaecessisset.

96 2236 143 2303 qui
160 2236 243 2303 legati
263 2252 347 2304 quum
365 2239 457 2289 essent
474 2238 550 2288 certo
568 2235 597 2286 in
613 2235 671 2287 loco
683 2235 869 2302 consederant,
883 2252 945 2288 con-

96 2311 247 2364 surrexisse
261 2326 353 2363 omnes
365 2314 394 2364 et
406 2326 500 2364 senem
512 2308 609 2378 [illum]
621 2327 724 2364 sessum
736 2311 880 2379 recepisse.
904 2316 945 2364 64.

97 2386 201 2450 Quibus
215 2402 298 2454 quum
311 2402 327 2438 a
338 2388 435 2438 cuncto
448 2400 574 2438 consessu
588 2385 699 2453 plausus
713 2391 786 2438 esset
801 2385 943 2453 multiplex

85 2461 184 2529 datus,
204 2461 305 2513 dixisse
324 2477 358 2513 cx
376 2460 410 2512 iis
426 2459 570 2528 quendam,
587 2461 770 2514 Athenienses
789 2459 857 2514 scire
873 2476 944 2528 quae

95 2540 169 2590 rocta
182 2537 281 2603 essent,
295 2535 345 2589 sed
359 2536 449 2589 Iacere
464 2535 543 2588 nolle.
579 2535 667 2589 Multa
683 2536 712 2589 in
725 2541 818 2590 nostro
830 2535 944 2604 collegio

94 2613 242 2680 praeclara,
263 2611 314 2665 sed
332 2611 382 2665 hoe
401 2611 437 2664 de
457 2628 509 2679 quo
530 2613 635 2680 agimus
650 2613 679 2665 in
696 2612 798 2680 primis,
808 2613 894 2681 quod,
911 2614 944 2665 ut

95 2689 211 2757 quisque
235 2692 327 2742 aetate
352 2688 499 2755 antecedit,
523 2689 563 2742 ita
587 2690 739 2743 sententiae
761 2688 943 2758 principatum

97 2762 171 2818 tenet
178 2785 185 2829 ;
204 2780 293 2833 neque
308 2764 394 2818 solum
406 2764 508 2818 honore
518 2764 742 2819 antecedentibus
755 2765 804 2818 sed
815 2765 849 2817 iis
861 2764 944 2816 etiam

95 2840 141 2908 qui
154 2837 215 2893 cum
226 2840 342 2909 imperio
355 2844 419 2894 sunt
434 2839 554 2907 majores
566 2845 632 2893 natu
647 2857 764 2907 augures
778 2843 944 2905 anteponun-

95 2919 147 2968 tur.
165 2938 169 2957 τ
185 2915 261 2980 Quae
279 2919 343 2968 sunt
358 2915 444 2982 igitur
455 2916 609 2983 voluptates
624 2915 744 2984 corporis
756 2931 820 2966 cum
830 2913 963 2984 aucteri-x

94 2989 160 3043 tatis
176 2991 306 3059 praemiis
322 2990 544 3062 comparandae‘t
566 2990 674 3060 quiens
690 2989 744 3055 qux
757 2981 913 3058 subibit&
924 2988 1007 3076 W&

88 3068 161 3133 sunt,
184 3067 207 3121 ii
227 3068 297 3124 mihi
317 3069 454 3126 videntur
478 3067 613 3125 tabulam
630 3063 743 3118 aetatis
760 3053 1034 3152 aesewig&

82 3143 229 3212 tamquam
250 3147 445 3207 inexercitati
463 3141 692 3205 histriensem
710 3134 853 3186 extrema
874 3126 913 3158 ’ἃ
