2084 3404
93 141 122 186 42
319 134 358 183 M.
376 135 504 186 TULLII
521 135 709 184 CICERONIS

95 216 195 270 Videre
209 215 270 284 jam
279 215 376 270 videor
387 215 518 287 populum
530 234 546 270 a
559 221 657 270 senatu
667 215 842 287 disjunctum,
851 218 943 274 multi·

91 293 195 345 tudiuis
209 293 323 346 arbitrio
338 311 384 346 res
396 294 528 346 maximas
542 294 594 361 agi.
614 325 617 333 ·
631 293 737 347 Plures
747 288 820 348 enim
836 295 943 349 discent

91 372 323 440 quemadmodum
353 373 418 425 haec
442 373 509 424 fiant
534 380 627 440 quaml
641 372 871 440 quemadmodum
887 373 943 437 ¹his

91 451 244 503 resistatur.
280 455 322 502 42.
342 450 477 512 Quorsum
490 449 576 503 haecl
614 450 685 514 Quia
697 450 942 503 sinesociis'nemo

91 528 242 596 quidquam
255 525 311 579 talc
320 529 443 579 conatur.
481 525 707 594 Praecipiendum
719 530 762 580 est
769 527 856 595 igitur
864 526 942 580 bonis

90 607 129 671 ιιι,
143 603 166 656 si
178 604 206 655 in
219 602 353 670 ejusmodi
366 601 497 655 amicitias
509 603 675 670 ignari'casu
686 602 777 671 aliquo
789 602 942 670 inciderint,

90 697 125 732 no
138 679 296 732 existiment
308 679 348 731 ita
360 695 389 731 se
401 679 527 746 alligatos
547 683 578 732 ut
593 679 734 733 abamicis
749 675 780 733 inv
790 697 821 734 re
834 678 943 748 publica

90 753 267 822 peccantibus
279 770 332 806 non
351 753 508 808 discedant:
525 755 656 824 improbis
673 760 765 809 autem
778 761 871 824 'poena
888 758 943 808 sta·

91 830 194 882 tuenda
206 832 265 894 est;
282 847 332 883 nec
343 847 408 883 vero
420 831 508 883 minor
519 831 553 883 iis
564 831 611 899 qui
624 831 711 885 secuti
724 835 805 885 erunt
817 831 942 896 alterum,

91 922 172 973 quarn
189 906 223 959 iis
243 906 289 975 qui
301 907 353 975 ipsi
364 907 467 960 fuerint
478 906 628 976 impietatis
640 907 731 960 duces.
767 906 834 970 Quis
846 906 943 960 clarior

91 981 445 1036 iuGraeciaThemistoclei
464 982 525 1051 quis
533 983 688 1051 potentiori
707 981 753 1051 qui
764 998 848 1051 quum
856 982 942 1050 impe·

91 1057 360 1112 ratorbelloPersico
368 1059 500 1114 servituis
510 1059 652 1113 Graeciam
661 1058 805 1112 liberasset
806 1061 942 1126 ,propter-

93 1150 148 1220 que
158 1133 325 1187 invidiamm
337 1133 462 1186 exsilium
472 1134 601 1202 expulsus
610 1134 825 1202 esset,ingratae
836 1134 943 1202 patriae

93 1209 219 1297 injuriam
232 1226 286 1262 nou
298 1209 362 1262 tulit
374 1226 456 1278 quam
468 1210 540 1263 ferre
553 1209 656 1263 debuIt.
693 1209 771 1263 Fecit
783 1210 856 1263 idem
870 1209 942 1279 quod

94 1300 132 1337 xx
144 1286 220 1337 annis
232 1289 296 1338 ante
308 1285 382 1354 apud
393 1302 442 1338 nos
453 1286 556 1339 iecerat
569 1276 735 1339 Coriolanus.
767 1285 819 1338 His
832 1285 943 1352 adjutor

94 1370 188 1413 contra
204 1362 322 1429 patriam
337 1352 464 1414 inventus
473 1364 524 1415 est
540 1377 632 1415 nemo:
650 1377 659 1412 1
662 1366 745 1428 aque
754 1362 877 1411 mortem
889 1359 942 1411 sibi

93 1439 210 1502 uterque
220 1435 356 1488 conscivit.
386 1441 427 1488 43.
441 1436 530 1498 Quare
538 1435 600 1488 tulis
609 1434 793 1501 improborum
801 1450 942 1486 consensio

93 1526 146 1562 non
166 1510 247 1563 modo
264 1510 438 1563 excusatione
457 1510 593 1563 amicitiae
614 1508 732 1576 tegenda
751 1524 804 1559 non
826 1512 875 1573 est,
892 1508 941 1562 sed

92 1587 183 1653 potius
193 1584 325 1652 supplicio
335 1585 408 1637 οιιιιιι
417 1585 586 1652 vindicanda,
595 1587 627 1636 ut
636 1601 671 1636 ne
680 1582 741 1651 quis
750 1581 825 1652 [sibi]
835 1599 943 1636 eonces-

93 1677 153 1713 sum
165 1662 246 1728 putet
258 1660 373 1713 amicum
385 1659 428 1712 vel
444 1659 545 1713 bellum
559 1659 664 1728 patriae
679 1659 844 1724 inferentem
857 1659 941 1726 sequi.

93 1737 172 1801 Quod
184 1737 303 1806 quidem,
316 1740 348 1789 ut
359 1753 404 1790 res
416 1735 507 1804 coepit
518 1736 566 1803 ire,
583 1735 657 1789 haud
675 1735 730 1790 scio
742 1753 777 1789 au
793 1735 940 1804 aliquando

14 1841 16 1846 ·
91 1813 215 1866 futurum
227 1813 270 1866 sit
306 1812 375 1865 Mihi
395 1815 486 1865 autem
502 1829 555 1865 nou
576 1812 674 1865 minori
692 1829 774 1866 curae
783 1810 836 1866 est
852 1811 940 1880 qualis

91 1905 136 1941 res
149 1888 330 1956 publicapost
344 1892 460 1941 mortem
480 1904 568 1941 meam
586 1887 679 1940 futura
695 1888 732 1941 sit
751 1904 833 1957 quam
852 1887 940 1956 qualis
1005 1911 1008 1918 ·

92 1964 172 2017 hodie
185 1966 228 2018 sit
263 1986 270 2008 ι
555 2002 557 2005 -
705 1984 709 1999 2

146 2040 231 2094 ΧΙΙΙ.
251 2045 293 2094 44,
312 2041 455 2094 Haec't
403 2040 455 2108 igit
455 2058 488 2093 ur
500 2056 588 2109 prima
582 2035 641 2093 lex
654 2040 746 2093 amicit
748 2025 789 2093 iae
803 2041 941 2094 sauciatur

92 2121 123 2170 ut
135 2117 170 2170 ab
183 2115 277 2169 amicis
286 2116 401 2170 honesta
412 2121 545 2184 petamus,
564 2117 712 2169 amicorum
731 2132 811 2169 causa
826 2116 940 2169 honesta
988 2144 990 2148 ·

92 2193 222 2247 faciamus
232 2210 290 2261 ;·ne
310 2197 497 2262 exspectemus
517 2192 629 2261 quidem
646 2192 711 2244 dum
723 2209 866 2261 rogemur;
883 2196 940 2245 stu-

92 2271 167 2324 dium
181 2288 289 2340 semper
300 2269 380 2338 adsit,
393 2270 530 2324 cunctatio
542 2270 629 2323 absit:
642 2269 786 2322 consilium
797 2285 862 2322 vero
874 2268 941 2321 dare

92 2347 242 2401 audeamus
254 2347 340 2401 libere
351 2368 357 2412 ;
370 2345 518 2416 plurimum
530 2347 559 2398 in
571 2345 692 2400 amicitia
707 2346 854 2399 amicorum
870 2344 940 2398 benc

92 2422 376 2476 suadentium'valeat
394 2422 551 2489 auctoritas,
570 2439 657 2491 eaque
676 2425 706 2475 ct
724 2422 889 2487 adhibeatur
905 2421 941 2473 ad

92 2498 256 2550 monendum
273 2516 327 2551 non
346 2498 426 2551 modo
443 2503 539 2566 aperte
559 2498 608 2552 sed
628 2500 710 2552 ctiam
722 2499 838 2564 acriter,
855 2497 877 2549 si
897 2513 940 2548 res

85 2573 249 2641 postulabit,
263 2576 291 2626 et
302 2573 442 2626 adhibitae
454 2578 592 2642 pareatur.
628 2579 670 2626 45.
688 2573 714 2625 N
716 2590 759 2625 am
768 2571 940 2640 quibusdam,

92 2666 160 2718 quos
173 2648 254 2700 audio
268 2649 405 2716 sapientes
417 2648 525 2702 habitos
537 2649 565 2702 in
575 2648 697 2714 Graecia,
705 2648 838 2715 placuisse
846 2647 941 2714 opinor

92 2724 228 2778 mirabilia
245 2723 393 2792 quaedam:
411 2723 460 2776 scd
479 2724 546 2776 nihil
566 2728 609 2776 est
628 2723 702 2790 quod
717 2723 758 2775 illi
776 2739 830 2774 non
849 2738 941 2789 perse-

93 2795 212 2869 quantur
231 2799 296 2853 rsuis
317 2799 447 2866 argutiis:
467 2801 567 2869 partim
589 2797 732 2866 fugiendas
757 2815 817 2851 esse
843 2798 940 2851 nimias

92 2877 225 2931 amicitias
237 2893 272 2929 nc
283 2892 393 2929 necesse
413 2877 449 2930 sit
460 2893 543 2928 unum
560 2874 704 2928 solllcitum
721 2890 781 2928 esse
794 2890 844 2942 pro
860 2873 942 2941 pluri-

89 2954 159 3004 bus:
177 2953 247 3005 satis
258 2969 395 3021 superque
415 2970 475 3006 esse
487 2966 596 3004 suarum
609 2951 707 3020 cuique
726 2968 825 3018 rerum,
846 2951 941 3004 alienis

70 3026 159 3076 111¹sz
180 3028 324 3117 Implicari
347 3030 498 3086 molestmn
525 3045 604 3096 esse3
624 3027 876 3082 commodissimum
885 3043 946 3078 esse

53 3109 144 3154 quam
170 3100 339 3160 laxissimas
362 3109 494 3166 habenas
517 3107 629 3164 habere
653 3104 805 3189 amicitiam
825 3116 897 3168 hm
914 3099 967 3150 lix

33 3162 177 3225 adducas
190 3194 285 3245 quum
307 3187 384 3245 reiis
403 3190 451 3248 vel
473 3188 635 3254 remittam
653 3184 744 3256 caput
762 3178 844 3236 emm
860 3185 927 3228 effi
940 3168 985 3220 ὠ
