2084 3404
109 131 140 183 74
218 129 392 178 EPISTOLA
408 129 461 177 AD
478 127 650 188 QUINTUM
668 127 851 177 FRATREM

108 208 229 264 tionibus
236 225 267 262 ac
274 209 387 277 judiciis
397 210 445 279 qui
457 226 528 262 nunc
540 211 604 283 sunt
616 207 762 276 hominum,
772 208 821 261 sed
832 208 866 261 iis
878 207 963 262 etiam

109 286 156 354 qui
168 286 254 339 futuri
268 290 345 339 sunt:
366 302 530 354 quamquam
542 285 651 336 illorum
663 283 716 336 erit
728 285 818 336 verius
826 283 963 351 judicium

108 362 308 415 obtrectatione
327 367 356 416 et
374 361 564 414 malevolentia
584 359 740 414 liberatum.
776 365 817 414 44.
837 360 962 429 Denique

108 438 177 490 illud
188 438 272 491 etiam
285 437 370 492 debes
382 438 510 505 cogitare,
521 453 576 489 non
588 439 617 489 te
629 436 681 489 tibi
693 437 742 490 soli
754 437 867 504 gloriam
880 455 962 506 quae-

108 530 177 581 rero,
196 514 270 582 quod
292 514 315 566 si
334 517 413 579 esset,
433 515 525 566 tamen
543 529 597 565 non
618 512 778 580 negligeres,
799 513 961 583 praesertim

109 607 193 657 quum
211 589 382 658 amplissimis
400 588 582 641 monumentis
595 605 752 655 consecrare
764 591 894 643 voluisses
906 607 962 642 me-

60 658 65 665 '
109 667 222 719 moriam
244 665 358 718 nominis
383 666 442 730 tui;
473 665 523 718 sed
547 681 580 718 ea
604 664 655 718 tibi
677 668 721 718 est
740 665 961 719 communicanda

109 758 221 808 mecum,
234 741 375 810 prodenda
388 741 480 795 liberis
494 740 604 795 nostris.
642 741 676 793 In
689 759 743 809 quo
755 741 906 795 carendum
918 745 961 795 est

108 835 151 882 ne,
167 818 190 869 si
203 818 383 885 negligentior
398 817 490 884 fueris,
510 834 564 870 non
581 817 667 871 solum
683 817 734 870 tibi
752 834 849 886 parum
867 832 962 870 consu-

107 891 191 946 luisse
203 894 253 947 sed
265 893 349 947 etiam
361 894 417 947 tuis
429 894 560 948 invidisse
572 894 695 947 'videaris

109 1018 110 1021 ,
161 969 239 1030 XVI.
259 976 299 1026 45.
321 971 498 1038 Atquehaec
514 987 568 1023 non
585 986 617 1022 eo
633 970 762 1022 dicuntur
775 973 808 1023 ut
825 972 854 1023 tc
873 972 961 1023 oratio

108 1063 169 1099 mea
180 1045 363 1108 dormientem
376 1045 570 1100 excitassc'sed
582 1046 673 1114 potius
685 1048 716 1097 ut
728 1048 883 1099 currentem
895 1045 962 1097 inci-

108 1127 182 1176 tasse
200 1123 332 1184 videatur.
371 1123 466 1177 Facies
485 1122 558 1176 enim
575 1125 707 1192 perpetue
726 1137 796 1190 quae
813 1121 910 1188 fecisti,
929 1134 961 1175 ut

108 1215 201 1252 omnes
230 1200 399 1269 aequitatem
423 1204 507 1268 tuam,
532 1199 751 1268 temperantiam,
778 1198 960 1264 severitatem,

108 1275 351 1344 integritatemque
363 1276 484 1330 laudent.
520 1276 576 1330 Sed
587 1293 632 1330 me
644 1275 779 1344 quaedam
790 1277 870 1328 tenet
881 1291 962 1343 prop

109 1355 153 1404 ter
167 1353 331 1420 singularem
350 1369 470 1406 amorem
488 1353 596 1405 infinita
615 1352 688 1405 inte
709 1351 826 1406 aviditas
842 1351 961 1418 gloriae:

109 1444 274 1495 quamquam
289 1427 358 1480 illud
374 1428 507 1493 existimo,
521 1431 605 1496 quum
615 1427 674 1494 jam
686 1428 738 1481 tibi
752 1427 821 1481 Asia
833 1426 902 1480 sicut
913 1427 961 1479 uni

109 1503 207 1572 cuique
220 1501 374 1555 suademus
387 1507 453 1556 nota
465 1520 525 1557 esse
537 1502 646 1571 debeat,
657 1520 741 1571 quum
753 1503 789 1556 ad
802 1506 877 1556 tuam
889 1507 961 1556 sum-

109 1593 181 1631 mam
193 1577 368 1644 prudentiam
379 1582 476 1638 ‚tantus
488 1595 553 1632 usus
566 1580 717 1645 accesserit,
731 1578 798 1632 nihil
815 1595 874 1632 esse
887 1579 961 1646 quod

109 1653 146 1706 ad
162 1653 406 1714 laudemattineat
426 1655 500 1723 quod
520 1672 573 1708 non
591 1657 623 1708 tu
641 1655 743 1722 optime
765 1656 913 1724 perspicias
931 1658 960 1709 et

108 1727 160 1782 tibi
179 1727 308 1792 nonsine
330 1730 490 1799 cujusquam
506 1730 668 1788 ‘hortatione
684 1730 720 1785 in,
731 1735 852 1784 mentem
869 1731 961 1784 veniat

110 1806 253 1873 quotidie..
271 1808 326 1860 Sed
339 1824 389 1874 ego
402 1807 456 1875 qui,
469 1824 553 1875 quum
565 1806 694 1874 tualego‚
708 1810 737 1860 te
749 1807 854 1874 audire,¹
864 1811 893 1862 et
902 1807 960 1874 qui,

110 1883 248 1951 quum'ad
265 1887 294 1937 tc
313 1883 407 1950 scribo,
427 1887 517 1936 tecum
535 1882 610 1951 loqui
628 1883 730 1949 videor,
749 1882 850 1936 idcirco
869 1886 898 1936 et
911 1887 961 1936 tua

109 1958 265 2026 longissima
281 1976 390 2027 quaque
407 1959 522 2027 epistola
539 1959 657 2015 maxime
675 1957 797 2012 delector
811 1962 840 2012 et
855 1960 914 2029 ipse
931 1960 960 2012 in

111 2031 252 2086 scribendo
265 2050 325 2086 sum
335 2051 416 2102 saepe
428 2035 538 2102 longior.
575 2039 616 2088 46.
631 2034 704 2086 Illud
716 2037 745 2086 to
757 2034 793 2086 ad
806 2039 959 2088 extremum

111 2113 144 2176 etj
152 2113 239 2175 oroet
247 2108 347 2173 hortor
359 2113 398 2177 ut,
412 2113 551 2177 tamquam
566 2113 664 2179 poetae
676 2109 740 2162 boni
756 2113 786 2162 et
799 2112 906 2163 actores
919 2111 960 2163 in-

111 2185 209 2238 dustrii
226 2185 322 2252 solent,
344 2185 382 2240 sic
400 2186 477 2240 tuin
498 2189 623 2240 extrema
643 2189 722 2256 parte
741 2189 770 2238 et
789 2185 960 2240 conclusione

111 2262 230 2316 muueris
246 2278 278 2316 ac
289 2262 392 2330 negotii
403 2263 444 2317 tui
457 2262 682 2332 diligentissimus
699 2263 743 2329 sis,
756 2265 788 2317 ut
803 2261 848 2315 hie
859 2263 959 2316 tertius

111 2354 197 2391 annus
208 2339 315 2407 imperii
326 2340 375 2407 tui,
386 2343 526 2411 tamquam
536 2341 637 2396 tertius
649 2345 733 2408 actus,
743 2339 960 2410 perfectissimus

111 2417 195 2481 atquc
209 2416 397 2471 ornatissimus
409 2418 493 2472 fuisse
505 2420 638 2475 videatur.
652 2439 658 2447 ‘
676 2418 712 2471 Id
730 2418 856 2471 facillime
870 2416 959 2480 facies,
996 2451 1000 2454 -

112 2489 134 2540 si
153 2493 209 2555 me,‘
222 2490 264 2553 cui
288 2509 396 2560 semper
421 2495 467 2547 uui
487 2498 573 2564 magis
594 2514 675 2567 quam
696 2497 830 2550 universis
854 2494 960 2563 placere

112 2564 228 2633 yoluisti‚
241 2569 331 2620 tecum
345 2585 453 2637 semper
464 2587 524 2623 esso
536 2573 653 2639 putabis,
661 2577 689 2625 et
699 2572 823 2624 omnibus
832 2572 866 2623 iis
877 2568 960 2621 rebus

62 2666 74 2685 ο
112 2656 180 2709 quas
189 2639 267 2706 dices
280 2657 312 2694 ac
324 2642 408 2707 iacies
419 2643 559 2704 interesse.
588 2647 733 2713 Reliquum
746 2649 788 2699 est
800 2649 832 2699 ut
843 2649 873 2698 te
884 2659 959 2696 orem

112 2719 145 2769 ut
162 2715 312 2780 valetudini
328 2719 399 2784 tuae,
415 2718 438 2770 si
452 2735 497 2772 me
513 2723 542 2773 et
556 2723 618 2775 tuos
632 2736 725 2774 omnes
737 2720 828 2773 valere
839 2720 887 2782 ris,
900 2717 959 2770 dili-

112 2790 392 2861 gentissimcservias.
428 2791 508 2849 Vale.
