2084 3404
300 127 556 176 EPISTOLARUM
574 128 675 176 LlBltl
692 124 788 179 DUO.'
915 130 961 181 lta

110 210 202 259 actum
218 205 318 274 quibus
336 205 394 258 sine
410 205 505 259 dolore
522 205 627 260 licitum
642 211 685 261 est
700 212 817 272 mortem
831 227 893 264 cunr
905 212 962 265 rita

111 285 279 335 commutare
291 283 300 335 l
337 280 410 344 Quid
425 285 517 335 autem
529 282 583 335 fuit
596 285 670 350 quod
687 283 762 337 illam
774 285 825 339 hoc
837 290 962 356 tempore

112 358 148 410 ad
162 356 309 411 vivendum
329 373 428 425 magno
444 375 527 426 opere
546 359 662 412 invitare
678 363 788 428 posset?
809 379 881 429 quae
897 365 961 418 resi

112 450 183 502 quae
201 435 281 502 spesi
306 433 382 502 quod
394 434 478 486 animi
490 435 617 488 solatium
629 437 638 489 l
669 436 709 488 Ut
721 453 782 490 cunr
794 438 886 506 aliquo
898 439 962 492 ado-

111 508 232 563 lescente
244 510 373 578 primario
385 510 532 580 conjuncta
544 514 665 565 aetatem
676 515 807 578 gereretl
827 538 830 542 >
843 514 961 568 Licitani

112 586 227 653 esttibi,
240 585 329 652 credo,
341 602 391 654 pro
404 586 600 654 tua-dignitate
612 605 647 640 ex
659 587 710 642 hac
718 587 868 656 juventute
880 606 961 656 gene-

112 678 174 714 rum
187 661 308 730 deligere
320 662 398 730 cujus
411 662 476 716 fidei
488 662 589 716 liberos
601 666 663 716 tuos
676 669 705 717 te
716 667 779 718 tuto
790 666 962 718 committere

113 742 231 805 putares.
268 740 313 791 An
327 742 359 791 ut
376 755 408 794 ea
424 738 525 792 liberos
541 755 575 792 cx
593 756 653 792 sese
665 745 783 808 pareret,
796 748 865 809 quos
878 758 960 809 quum

113 813 241 868 ilorentes
258 815 367 868 videret
384 816 551 870 laetareturl
576 817 696 884 quirem
714 835 730 870 a
744 823 859 885 parente
878 817 962 871 tradi-

113 893 171 941 tam
184 907 235 958 per
247 896 383 950 setencre
401 893 528 960 possenti
552 892 669 946 honores
681 894 830 948 ordinatim
848 894 962 962 petituri

114 970 221 1022 essenti
251 968 278 1022 in
290 978 329 1022 're
352 968 467 1037 publica,
486 969 515 1022 in
533 971 681 1022 amicorum
699 971 815 1037 negotiis
833 970 963 1023 libertate

114 1060 163 1096 sua
174 1047 334 1099 uterentur?
371 1045 444 1110 Quid
455 1046 552 1097 horum
564 1046 616 1098 fuit
629 1045 704 1113 quod
721 1062 774 1098 non
791 1046 867 1114 prius
880 1063 961 1112 quarn

115 1118 210 1171 datum
226 1124 268 1173 est
285 1120 443 1187 ademptum
460 1121 512 1173 siti
550 1121 590 1172 At
604 1136 669 1172 vcro
685 1121 787 1174 malum
804 1123 847 1173 est
864 1119 963 1172 liberos

46 1210 49 1216 ·
114 1195 249 1247 amittere.
285 1195 396 1262 Malum,
416 1195 468 1247 nisi
488 1195 539 1247 hoc
560 1195 640 1263 pejus
659 1196 695 1248 sit
714 1195 782 1247 haec
802 1195 916 1247 sufferre
935 1201 963 1247 et

115 1269 229 1339 perpeti.

168 1344 243 1408 Quae
257 1361 301 1397 res
316 1345 383 1397 milri
394 1361 448 1398 non
460 1346 624 1399 mediocrem
638 1345 848 1400 consolationem
861 1347 962 1411 attulit,

115 1420 175 1472 volo
187 1420 238 1473 tibi
250 1437 471 1488 commemorare,
485 1422 507 1474 si
520 1422 592 1475 forte
603 1422 700 1475 eadem
718 1438 762 1474 res
776 1421 828 1476 tilii
842 1421 960 1476 dolorem

115 1496 235 1550 minuere
250 1497 343 1566 possit.
362 1515 365 1522 ·
380 1497 421 1550 Ex
435 1498 504 1563 Asia
515 1496 625 1550 rediens
638 1514 722 1566 quum
736 1496 772 1551 ab
785 1498 892 1565 Aegina
905 1499 962 1551 Mc-

81 1582 88 1591 ·
115 1589 207 1639 garam
217 1590 310 1627 versus
322 1574 486 1641 navigarem,
495 1573 572 1642 coepi
581 1574 706 1642 regiones
714 1574 889 1628 circumcirca
901 1590 962 1642 prc-

115 1649 226 1717 spicere.
264 1650 339 1702 Postv
352 1667 395 1702 me
415 1653 476 1703 crat
496 1650 610 1717 Aegina,
631 1655 695 1704 ante
719 1650 840 1718 Megara,
863 1649 962 1702 dextra

116 1724 253 1793 Piraeeus,
265 1725 376 1778 sinistra
394 1717 546 1789 Corinthus,
559 1742 629 1792 quac
647 1726 749 1794 oppida
760 1726 878 1792 quodam
894 1728 963 1776 tem-

114 1816 180 1866 pore
189 1801 380 1863 florentissima
390 1800 509 1866 fuerunt,
522 1817 592 1852 nunc
604 1803 743 1866 prostrata
755 1804 784 1852 et
796 1800 888 1851 diruta
899 1801 963 1851 ante

115 1876 205 1929 oculos
212 1876 314 1944 jacent.
339 1875 422 1942 Coepi
432 1878 544 1941 egomet
551 1891 657 1927 mecum
668 1875 706 1926 sic
716 1874 835 1941 cogitare
846 1893 851 1927 :
875 1873 961 1926 Hem!

115 1967 164 2004 nos
180 1951 334 2005 homunculi
350 1950 524 2018 indignamur
542 1950 564 2002 si
577 1951 638 2019 quis
654 1954 778 2003 nostrum
795 1949 900 2003 interiit
915 1952 963 2003 aut

115 2028 218 2080 occisus
235 2031 286 2094 est,
299 2043 415 2096 quorum
429 2026 485 2079 vita
501 2026 610 2080 brevior
626 2043 686 2080 esse
703 2026 794 2092 debet,
808 2042 892 2094 quum
910 2042 963 2077 uno

115 2103 172 2156 loco
189 2107 231 2157 tot
245 2103 376 2172 oppidum
391 2102 524 2167 cadavera
543 2103 667 2172 proJecta
681 2102 793 2169 jacenti
831 2099 916 2154 Visne
932 2105 963 2155 tu

115 2183 151 2245 te,
164 2179 247 2244 Servi,
256 2179 385 2233 cohibere
397 2183 426 2231 ct
434 2179 592 2231 meminisse
601 2178 737 2237 hominem
747 2180 776 2231 te
785 2193 844 2229 csse
853 2179 963 2228 natumi

117 2254 205 2307 Crede
222 2254 296 2319 mihi,
314 2254 480 2320 cogitatione
495 2270 527 2305 ca
541 2269 601 2318 non
610 2252 785 2304 mediocriter
798 2269 857 2304 sum
869 2251 964 2303 confir-

116 2334 212 2383 matus.
250 2329 313 2382 Hoc
326 2329 408 2395 idem,
427 2329 450 2381 si
466 2328 517 2382 tibi
534 2327 650 2394 ridetur,
661 2327 705 2380 fac
722 2330 786 2396 ante
804 2327 895 2395 oculos
913 2327 964 2380 tibi

116 2421 257 2474 proponas.
287 2404 371 2458 Modo
388 2421 442 2457 uno
454 2409 578 2472 tempore
597 2406 639 2456 tot
657 2403 708 2455 viri
726 2403 866 2456 clarissimi
884 2403 965 2457 inter-

116 2482 221 2533 ierunt:
239 2479 274 2533 dc
286 2480 400 2547 imperio
411 2478 507 2547 Populi
518 2479 632 2546 Romani
645 2481 724 2531 tanta
733 2478 883 2532 deminutio
892 2478 966 2532 lacta

117 2560 172 2610 cst:
191 2572 285 2609 omncs
301 2555 455 2622 provinciae
469 2558 665 2621 conquassatae
678 2557 755 2607 sunt:
774 2555 802 2608 in
814 2556 895 2608 unius
907 2572 965 2608 mu-

116 2632 243 2686 lierculae
256 2626 409 2684 animula'si
420 2629 530 2697 jactura
546 2629 618 2683 iacta
635 2633 684 2695 cst,
697 2633 776 2684 tanto
794 2648 876 2700 opere
894 2646 965 2683 com-

117 2709 250 2761 mevcrisl
277 2723 347 2774 quae
363 2707 385 2759 si
402 2706 453 2759 hoc
467 2710 590 2773 temporo
606 2723 659 2775 non
672 2706 745 2760 diem
758 2724 838 2761 suum
855 2706 965 2772 obisset,
984 2768 988 2776 ³

116 2785 279 2854 paucispost
287 2783 463 2839 annistamen
472 2782 497 2835 ei
505 2781 676 2835 moriendum
684 2782 877 2850 fuit,quoniam
885 2781 965 2833 homo

117 2866 181 2914 nata
192 2861 288 2914 iuerat.
320 2859 411 2913 Etiam
424 2861 455 2912 tu
468 2857 502 2911 ab
514 2857 589 2911 hisce
601 2858 684 2911 rebus
697 2858 817 2910 animum
826 2873 858 2909 ac
867 2857 967 2923 cogita-

118 2937 219 2990 tionem
237 2941 314 2989 tuam
331 2951 420 3002 avoca,
440 2937 524 3002 atque
539 2950 571 2987 ea
592 2933 684 3000 potius
703 2931 876 2984 reminiscere
895 2947 969 2996 duae

118 3011 266 3082 dignatus
282 3027 399 3080 persona
417 3013 494 3064 sunt:
514 3009 595 3063 illam
609 3006 753 3075 quamdiu
765 3005 796 3055 εκ
811 3016 899 3064 eaus-

114 3086 228 3153 rixissc;
254 3104 311 3143 una
329 3106 395 3145 eum
413 3105 448 3144 re
465 3087 585 3160 publiea
601 3083 715 3142 tuisse,
734 3081 772 3130 te
784 2996 984 3183 pamma

99 3167 274 3234 Praetorem,
292 3169 453 3235 consulem,
471 3179 621 3237 augurem
638 3155 781 3212 udisset
799 3137 949 3196 ’ΜΨ
