2084 3404
89 118 120 166 ao
318 111 356 163 M.
375 109 500 162 TULLII
522 105 712 160 OEOERONIS

89 195 163 249 nullo
174 194 233 248 loco
242 192 413 247 excluditur:
430 204 568 260 nunquam
586 185 785 255 intempestiva,
801 197 937 253 nunquam

89 274 203 316 molesta
221 271 279 317 est:
297 266 389 330 itaque
408 281 460 316 non
479 279 556 329 atqua,
574 279 627 313 nou
645 260 709 328 igni,
727 267 758 312 ut
776 261 858 323 aiunt,
872 259 938 309 locis

89 339 212 405 pluribus
234 340 337 392 utimur
360 355 441 405 quam
463 337 589 390 amicitia.
624 336 722 404 Neque
745 350 796 401 ego
813 349 884 385 nunc
902 332 938 387 de

90 414 190 482 vulgari
203 416 251 467 aut
263 411 297 466 de
310 406 447 478 mediocri,
460 427 530 478 quae
542 412 636 464 tamen
653 409 713 479 ipsa
731 413 761 464 et
776 408 895 464 delectat
907 413 937 465 et

86 490 207 556 prodest,
233 488 282 542 sed
299 488 335 540 de
353 503 418 539 vera
431 488 465 551 et
475 485 597 554 perfecta
614 485 710 556 loquor
733 484 820 554 qualis
842 503 936 539 corum

87 566 133 631 qui
162 565 239 632 pauci
264 563 436 617 nominantur
463 561 521 614 fuit
576 561 648 614 Nam
676 564 705 614 et
733 561 865 614 secundas
891 576 937 616 res

87 640 284 707 splendidiores
300 637 367 690 facit
386 635 513 704 amicitia,
532 639 561 690 et
577 635 707 690 adversas
725 635 847 704 partiens
865 653 936 690 eom-

86 716 279 780 municansque
290 712 413 765 leviores.

142 788 210 840 Vll.
236 793 276 840 23.
305 787 450 854 Quumque
466 786 597 853 plurimas
616 789 645 841 et
667 787 799 840 maximas
820 804 936 842 commo-

86 862 188 917 ditates
209 862 327 915 amicitia
345 863 490 928 contineat,
510 865 570 914 tum
591 859 638 914 illa
661 862 789 915 nimirum
812 866 936 936 praestat

85 937 210 990 omnibus
239 937 313 1005 quod
334 936 408 989 -bona
432 953 479 1004 spe
502 936 643 1004 praelucet
665 936 694 989 in
717 941 857 1004 posterum
884 955 935 993 nec

85 1011 223 1066 debilitari
246 1012 355 1065 animos
379 1015 427 1065 aut
448 1012 546 1065 cadere
570 1012 680 1080 patitur.
730 1010 833 1064 Verum
862 1013 935 1067 enim

85 1087 267 1155 amicumqui
288 1088 419 1155 intuetur,
444 1092 584 1156 tamquam
605 1088 746 1156 exemplar
768 1084 879 1156 aliquod
896 1088 935 1141 in-

84 1166 178 1216 tuetur
198 1164 247 1217 sni.
271 1163 415 1228 ‚Quocirca
438 1167 467 1217 et
490 1163 617 1217 absentes
644 1162 746 1217 adsunt
770 1167 799 1218 et
823 1168 935 1231 egentes

84 1237 225 1293 abundant
242 1245 271 1294 et
289 1240 416 1294 imbecilli
434 1239 532 1307 valent,
553 1244 589 1308 et,
612 1239 686 1308 quod
705 1237 839 1294 difficilius
858 1240 935 1294 dictu

85 1316 244 1381 est‚m0rtui
256 1315 349 1370 vivunt
359 1336 366 1380 ;
384 1319 477 1369 tantus
497 1333 543 1369 eos
560 1315 652 1384 honos,
671 1314 808 1384 memoria,
827 1315 934 1369 deside·

84 1390 155 1442 rium
182 1391 359 1458 prosequitur
383 1392 537 1444 amicorum.
574 1391 617 1442 Ex
643 1406 696 1457 quo
721 1384 829 1442 illorum
852 1389 934 1444 beata

84 1479 156 1516 mors
169 1465 286 1532 videtur,
297 1466 393 1517 horum
411 1466 468 1517 vita
480 1462 629 1537 laudabilis.
665 1464 745 1527 Quod
761 1463 784 1516 si
798 1465 932 1518 exemeris

81 1554 118 1591 ex
149 1555 241 1592 rerum
273 1541 371 1591 natura
401 1538 606 1592 benevolentiae
633 1536 857 1605 conjunctionem,
882 1557 933 1594 nec

80 1613 181 1666 domus
203 1614 260 1666 ulla
282 1631 332 1667 nec
355 1612 421 1666 urbs
442 1617 515 1666 stare
537 1613 656 1680 poterit;
678 1628 713 1664 ue
736 1612 795 1680 agri
819 1614 930 1682 quidem

80 1689 174 1755 vcultus
200 1688 377 1757 permanebit.
420 1688 455 1740 ld
474 1688 497 1741 si
522 1688 611 1740 nsinus
638 1687 808 1755 intelligitur,
829 1695 932 1758 quanta

84 1759 126 1817 'vis
141 1765 275 1818 amicitiae
290 1763 504 1830 concordiaeque
520 1763 556 1816 sit
568 1780 602 1815 ox
616 1762 829 1816 dissensionibus
848 1767 931 1834 atquo
975 1797 977 1801 ·

85 1838 227 1893 discordiis
243 1840 346 1908 percipi
362 1842 461 1907 potest.
500 1837 575 1902 Quae
594 1839 665 1891 enim
685 1837 782 1892 demus
800 1842 857 1893 tam
876 1846 930 1895 sta-

84 1914 155 1982 bilis,
169 1933 239 1984 quae
250 1919 308 1968 tam
320 1915 399 1967 firma
415 1914 510 1968 civitas
527 1918 576 1981 est,
596 1931 666 1982 qnae
685 1931 739 1967 non
759 1913 828 1968 ediis
847 1920 930 1984 atque

83 1989 203 2043 discidiis
215 1990 340 2044 funditus
356 1990 442 2058 possit
458 1991 570 2044 evertit
583 2007 617 2042 ex
639 2006 693 2058 quo
715 1995 846 2058 quantum
865 1991 929 2044 boni

81 2065 117 2118 sit
144 2065 172 2118 in
201 2065 320 2119 amicitia
354 2064 473 2133 judicari
507 2067 605 2132 potest.
650 2070 690 2117 24.
717 2067 929 2134 Agrigentinum

78 2140 190 2209 quidem
210 2141 321 2195 doctum
347 2141 482 2210 quendam
506 2140 595 2193 virum
624 2140 789 2193 camninibus
817 2139 928 2196 Graecis

78 2217 253 2271 vaticinatum
265 2219 364 2285 ferunt,
373 2233 442 2285 quae
451 2217 479 2270 in
487 2232 579 2270 rerum
588 2219 686 2270 natura
702 2219 816 2283 totoque
827 2217 928 2270 mundo

78 2297 234 2348 constarent
256 2310 381 2362 quaeque
403 2295 586 2358 moverentur,
604 2309 637 2346 ea
653 2288 813 2345 contrahere
837 2292 928 2346 amici-

77 2368 151 2435 tiam,
168 2370 300 2438 dissipare
318 2369 488 2423 discordiam.
525 2370 620 2436 Atque
636 2367 687 2421 hoc
708 2361 928 2437 quidem'omnes

78 2445 206 2497 mortales
219 2448 248 2498 et
265 2445 421 2512 intelligunt
433 2450 462 2499 et
473 2463 504 2498 re
515 2444 641 2513 probant.
679 2445 779 2513 Itaque
787 2445 810 2498 si
820 2444 928 2513 quando

74 2518 189 2585 aliquod
202 2520 317 2572 officium
335 2520 443 2572 exstitit
455 2520 534 2573 amici
545 2521 574 2572 in
586 2519 714 2587 periculis
728 2524 776 2572 aut
794 2519 927 2572 adeundis

77 2597 124 2645 aut
141 2595 376 2660 communicandis,
389 2596 450 2662 quis
469 2599 511 2648 est
524 2594 572 2663 qui
584 2595 613 2646 id
625 2612 679 2647 non
691 2594 817 2647 maximis
831 2595 927 2648 efferat

77 2668 225 2722 leudibusl
263 2669 315 2733 Oui
330 2669 461 2722 clamores
478 2673 539 2722 tota
556 2685 638 2721 cavea
656 2685 745 2736 nuper
763 2669 790 2720 in
811 2666 926 2736 hospitis

78 2746 106 2797 et
125 2744 205 2796 amici
218 2745 271 2796 mei
288 2743 325 2796 M.
338 2743 447 2796 Pacuvii
464 2759 533 2796 nova
548 2743 659 2807 fabula;
679 2759 763 2810 quum
784 2744 926 2810 ignorante

77 2837 142 2887 rege
156 2823 226 2874 uter
248 2816 362 2890 [eorum]
386 2821 459 2872 esset
479 2818 599 2886 Orestesr,
614 2819 730 2886 Pylades
750 2818 875 2872 Orestem
895 2835 925 2872 se

77 2912 136 2949 csse
156 2896 268 2963 diceret,
281 2899 313 2948 ut
325 2911 374 2963 pro
393 2894 439 2947 illo
459 2898 621 2959 necaretur;
642 2895 754 2948 Orestes
774 2896 873 2960 autem,
886 2893 926 2948 ita

75 2975 107 3022 nt
127 2975 194 3036 erat,
216 2971 342 3024 Orestem
362 2987 391 3023 se
410 2987 471 3024 esse
489 2974 685 3040 perseveraret.
721 2969 833 3022 Stantes
849 2967 925 3037 plau-

55 3042 166 3102 debant
184 3045 215 3096 in
235 3063 267 3098 re
288 3046 372 3101 ricta:
396 3046 466 3117 quid
488 3045 655 3103 arbitramur
677 3045 709 3097 in
724 3061 792 3097 uera
805 3043 928 3097 tacturos

55 3107 156 3173 iisse?
190 3119 293 3177 Facile
305 3122 457 3182 indicabat
475 3125 539 3199 ipsa
552 3128 658 3181 natura
673 3121 733 3176 rim
749 3134 841 3183 sitam,
856 3131 950 3201 quum.
