2084 3404
113 126 145 175 ιι
339 121 378 172 Μ.
396 122 524 174 TULLII
542 118 736 173 CICERONIS
752 116 759 131 ’

112 210 212 261 nautae
234 204 366 260 festinare
389 210 520 276 quaestus
544 207 586 261 sui
609 223 697 273 causa.
734 205 839 261 Cautus
859 206 904 275 sis,
925 205 961 262 mi

111 281 181 336 Tire.
218 282 296 336 Mare
309 300 437 351 magnum
450 287 479 336 et
491 281 600 336 difficile
611 283 663 336 tibi
675 285 770 337 restat.
806 284 834 338 si
850 284 962 352 poteris,

111 375 173 412 curn
191 358 337 425 Mescini03
355 359 475 413 cantiae
492 358 562 413 ιιιιι
577 360 713 426 navigare
750 359 779 415 Si
791 360 888 426 miuus,
900 353 962 426 euni

110 433 227 489 honesto
246 435 336 504 aliquo
360 435 469 489 homine
493 438 571 503 eujus
596 436 760 490 auctoritate
784 436 964 496 navicularius

111 515 260 566 proveatur.
297 512 332 565 ln
354 511 405 564 hoc
426 528 534 565 omnem
560 511 628 580 dilig
630 514 733 566 entiam
757 513 781 566 si
805 511 964 568 adhibueris

112 592 195 716 ιιιιιιι
219 588 297 641 nobis
319 587 482 641 ineolumem
506 588 618 655 stiteris‚
642 590 734 642 omnia
757 606 774 642 a
797 593 827 643 te
848 570 963 646 habebo

112 663 203 716 lt'tiam
222 667 307 731 atque
325 667 354 716 et
355 664 416 728 iam,
433 667 527 718 noster
544 665 614 733 Tiro,
633 665 698 718 sa.lc
736 665 854 731 Medico,
874 666 964 729 Curio,

112 737 211 805 Lysoni
224 739 259 792 dc
271 742 300 792 te
313 739 409 807 scripsi
422 739 639 808 diligentissimo.
676 741 754 809 Vale,
767 741 847 794 salse.
947 739 952 750 ’

135 897 157 942 ι.
186 887 345 944 nunnius
362 895 406 955 nr
423 894 559 954 cronno,
579 894 770 955 censuris,
789 895 937 956 sunnin,

295 975 326 1032 Q.
345 975 375 1034 Q.
394 975 520 1023 eunom
537 976 562 1024 s.
582 973 688 1024 Ριιιιι.
708 976 776 1024 ιιι.

370 1087 436 1149 (xvc.
451 1089 489 1136 11.
524 1100 549 1137 ιι.
563 1099 587 1135 ιι.
601 1099 623 1136 c.
637 1085 702 1149 705.)

111 1175 171 1231 lltsi
184 1175 418 1246 opportunitatem
429 1191 530 1244 operae
539 1179 603 1230 tuae
613 1174 736 1229 omnibus
748 1172 815 1230 loeis
827 1173 963 1245 desidero,

112 1258 204 1308 tauron
217 1270 270 1306 uon
282 1256 340 1306 tarn
352 1268 413 1306 mea
422 1269 506 1321 quam
518 1255 567 1306 tua
579 1269 660 1306 eausa
669 1252 748 1306 doleo
760 1256 789 1306 te
801 1269 855 1306 nou
864 1253 962 1307 valere

111 1330 167 1383 Sed
184 1330 313 1398 quoniam
327 1329 356 1382 in
373 1332 536 1398 quartanam
553 1344 683 1382 conversa
695 1329 736 1381 vis
755 1332 798 1382 est
816 1328 911 1396 morbi,
924 1329 963 1400 siq

47 1460 50 1467 ι
110 1407 183 1458 enirn
200 1405 296 1458 scribit
312 1404 418 1468 Curius,
433 1420 512 1471 spero
529 1408 559 1457 te
575 1403 719 1470 diligentia
735 1402 860 1456 adbibita
879 1405 963 1459 etiam

110 1481 258 1533 firmiorem
267 1481 332 1533 fore.
361 1479 444 1532 Medo
457 1479 506 1545 fae,
519 1479 548 1530 id
560 1481 633 1547 quud
647 1482 689 1531 est
701 1478 878 1531 humanitatis
891 1483 962 1545 tuae,

110 1555 220 1623 nequid
232 1555 306 1609 aliud
318 1571 397 1607 cures
408 1555 458 1607 hoc
471 1558 595 1622 tempore
606 1553 656 1605 nisi
669 1556 792 1621 utquam
802 1553 962 1618 commodis

110 1633 177 1686 sime
195 1631 372 1685 convalescas.
410 1631 472 1682 Non
491 1629 585 1703 iguo'ro
612 1631 745 1699 quantum
766 1646 801 1684 ex
823 1628 962 1685 desiderio

109 1707 224 1776 labores,
236 1707 287 1762 sed
299 1711 380 1760 crunt
392 1707 483 1760 onnia
497 1706 586 1760 facilia
599 1706 622 1760 si
633 1705 743 1760 valebis.
775 1706 920 1760 Festinaro
933 1712 962 1762 te

109 1784 178 1852 nelo,
188 1801 222 1838 ne
234 1800 351 1838 nauseae
364 1784 517 1838 molestiam
531 1783 661 1853 suscipias
676 1799 758 1851 aeger
771 1787 800 1837 et
811 1783 962 1852 periculose

109 1860 199 1915 hieme
223 1861 340 1930 naviges.
378 1861 435 1929 Ege
456 1861 491 1914 ad
512 1858 607 1914 urbem
632 1860 733 1914 accessi
757 1860 846 1929 pridie
869 1860 962 1915 Nonas

109 1937 222 1991 danuar.
259 1936 375 1992 Obviam
390 1937 457 1989 milri
474 1937 513 1990 sie
529 1941 572 1990 est
586 1936 727 2005 proditum
741 1939 774 1990 ut
789 1936 857 1989 nihil
875 1937 962 2006 possit

109 2013 169 2067 ficri
186 2014 314 2067 ornatius.
346 2013 401 2066 Sed
417 2012 501 2066 iueidi
517 2013 545 2065 in
560 2013 647 2080 ipsam
660 2011 797 2066 flammam
810 2012 894 2068 civilis
907 2013 962 2067 dis·

108 2090 218 2144 cordiae
236 2091 279 2145 vel
295 2090 387 2158 potius
401 2089 475 2158 belli,
487 2091 531 2143 eui
550 2107 636 2159 quum
655 2105 782 2157 euperem
801 2089 907 2142 mederi
924 2093 961 2158 et,

109 2171 141 2220 nt
165 2166 291 2233 arbitror,
316 2183 432 2236 possem,
460 2166 626 2235 cupiditates
652 2168 790 2218 certorum
813 2163 960 2232 hominum,

109 2259 172 2296 nam
190 2259 226 2297 ex
243 2247 361 2312 utraque
376 2247 456 2312 parte
477 2247 542 2297 sunt
561 2242 608 2311 qui
630 2257 753 2310 pugnare
774 2241 892 2310 cupiant,
911 2238 961 2294 irn-

108 2320 268 2387 pedimento
276 2316 343 2373 mihi
355 2319 473 2373 fuerunt.
499 2319 616 2372 Omnino
626 2322 655 2372 et
664 2318 723 2389 ipse
737 2317 846 2385 Caesar,
859 2318 961 2372 amicus
974 2315 976 2319 ’

108 2400 208 2464 nestori
222 2398 340 2451 minaces
355 2397 391 2450 ad
407 2400 532 2450 senatum
547 2398 576 2450 et
591 2395 704 2449 acerbas
722 2395 817 2448 literas
832 2393 961 2455 miserat;

108 2477 137 2524 ct
157 2475 218 2525 crat
235 2473 325 2526 adhuc
343 2472 488 2541 impudens
509 2472 556 2542 qui
577 2472 728 2526 exercitum
748 2474 777 2525 et
795 2470 960 2538 provinciam

107 2547 194 2600 invito
213 2551 309 2600 senatu
327 2551 447 2602 teneret:
476 2552 506 2602 et
526 2549 608 2602 Curio
630 2564 708 2601 meus
726 2546 803 2599 illum
821 2545 960 2599 incitabat.

111 2623 246 2677 Antonius
263 2623 374 2690 quidem
389 2629 483 2677 noster
499 2628 528 2677 et
546 2623 576 2686 Q.
595 2623 705 2677 Cassius
723 2621 798 2674 nulla
812 2621 838 2672 vi
854 2619 960 2687 expulsi

107 2699 144 2753 ad
157 2699 301 2754 Caesarem
314 2715 376 2753 cum
389 2699 507 2752 Curione
519 2699 634 2767 prefecti
651 2702 736 2765 erant.
775 2696 960 2762 Posteaquam

108 2779 218 2830 senatus
235 2774 397 2842 consulibus,
409 2775 589 2843 praetoribus,
602 2775 721 2828 tribunis
733 2771 828 2841 plebis,
840 2775 870 2824 et
882 2770 960 2825 uobis

108 2853 155 2921 qui
167 2867 283 2922 procoss
296 2867 396 2918 suiuus,
411 2851 551 2920 negotium
568 2851 684 2904 dederat
700 2852 732 2903 ut
749 2862 914 2912 curaremus,
925 2854 961 2902 ne'

100 2929 173 2990 qnid
187 2927 360 2998 respublica
376 2893 424 2982 d'et
412 2928 537 2982 trinrenti
554 2934 672 2996 caperet,
688 2940 837 2993 numquam
855 2922 959 2991 majore

80 2997 112 3046 ἡ]
132 3004 252 3067 pcrr‘cul
251 3023 280 3058 0·
293 3007 396 3063 civitas
421 3005 661 3078 nunnunquam
681 3000 802 3072 improbi
822 3000 899 3054 diues
914 2998 982 3053 lla(

68 3064 201 3130 hflfflwt
224 3087 414 3150 paratiorem
436 3086 550 3146 ducem
590 3080 713 3139 Omnino
734 3095 775 3134 en
789 3077 850 3130 bae
869 3089 981 3141 quoque

41 3146 144 3196 erte
157 3150 306 3224 drlrgentr
307 3181 403 3222 ssime
424 3167 628 3242 eomparatur.
666 3158 711 3216 ld
722 3158 761 3212 bt
778 3147 953 3209 sustentate
969 3148 1000 3194 a,
