2084 3404
123 117 169 168 100
351 111 390 168 M.
409 109 535 167 TULLII
554 109 741 166 otonnords

121 203 225 254 rentur.
245 196 318 255 ,Sed
333 201 365 252 ut
381 214 413 252 co
427 199 551 264 tempore
566 213 620 249 non
637 197 717 250 modo
733 197 792 266 ipse
808 196 899 250 fautor
911 191 971 266 dig·

121 276 216 330 nitatis
244 277 319 329 tuae.
336 275 375 327 fui
399 290 492 328 verum
519 273 604 327 ctiam
632 273 731 326 ceteris
759 277 854 326 auctor
881 273 917 327 ad
941 278 970 327 te
1004 292 1011 305 ·

120 350 315 420 adjuvandum,
328 350 368 402 sic
378 366 423 403 me
440 365 511 403 nunc
527 349 649 418 Pompeii
662 349 783 416 dignitas
796 350 972 403 vehementer

120 432 221 482 movet.
249 427 371 495 ,Aliquot
390 426 462 479 enim
479 430 543 479 sunt
561 425 625 479 anni
642 441 726 492 quum
743 441 790 478 vos
810 424 864 477 duo
880 426 971 494 delegi

121 520 189 572 quos
212 503 357 572 praecipue
382 500 499 554 colerem
523 505 552 554 ct
577 500 676 570 quibus
705 518 794 554 essem
818 503 887 555 sicut
911 519 971 555 suni

122 579 306 632 amicissimus.
345 575 527 640 Quamobrem
539 595 556 632 a
567 583 597 631 tc
609 580 675 647 peto
686 578 730 631 vel
742 578 833 646 potius
846 579 972 633 omnibus

122 655 248 723 precibus
267 656 296 706 te
317 669 364 705 oro
384 655 413 706 et
431 651 556 707 obtestor
574 658 606 708 ut
629 655 658 708 in
677 655 732 708 tuis
756 656 881 708 maximis
900 657 972 710 curis

122 730 227 798 aliquid
244 728 386 796 impertias
403 731 536 799 temporis
551 730 614 783 huic
630 747 739 799 quaque
755 731 922 800 cogitationi,
940 735 972 786 ut

122 814 169 859 tiro
189 804 320 858 beneficio
340 805 426 859 bonus
446 806 495 871 vir,
519 810 622 873 gratus,
642 805 704 874 pius
723 807 843 876 denique
862 824 922 861 esse
944 809 972 860 in

124 881 232 935 riraximi
244 880 370 934 beneficii
390 882 519 935 memoria
535 883 644 950 possim.
682 883 757 947 Quae
774 884 796 936 si
814 887 922 948 tantum
936 883 973 936 ad

123 959 269 1026 meipsum
288 957 466 1025 pertinerent,
487 974 624 1026 sperarem
644 974 719 1012 mea
735 962 764 1011 tc
781 961 873 1012 tamen
888 960 973 1028 impc-

122 1038 277 1100 tr·aturum;
295 1034 350 1099 sed
363 1039 395 1088 ut
410 1034 537 1103 arbitror,
550 1039 579 1088 et
591 1035 627 1088 ad
639 1037 714 1087 tuam
728 1035 811 1088 fidem
824 1037 854 1088 et
865 1035 901 1088 ad
914 1053 972 1088 rem

122 1112 258 1179 publicam
269 1111 391 1179 pertinet
403 1128 448 1166 me
460 1129 478 1166 e
488 1111 580 1181 paucis
599 1113 628 1164 et
642 1110 678 1164 ad
694 1111 838 1179 utriusque
851 1116 973 1165 vestrum

111 1193 150 1241 ct
169 1188 206 1241 ad
219 1188 318 1241 civium
337 1188 509 1242 concordiam
525 1190 615 1257 perte
630 1203 713 1256 quarn
728 1187 973 1241 accommodatissi-

122 1281 196 1319 mum
220 1266 381 1321 conservari.
419 1265 477 1333 Ego
502 1282 586 1333 quum
613 1271 694 1318 antea
717 1264 768 1317 tibi
796 1262 832 1317 de
856 1264 973 1318 Lentulo

121 1343 225 1408 gratias
240 1343 365 1410 egissem,
380 1359 465 1410 quum
484 1342 509 1396 ei
526 1341 607 1394 saluti
623 1341 670 1408 qui
685 1340 751 1393 milri
764 1340 855 1393 fuerat
866 1339 971 1406 fuisses,

123 1426 214 1472 tamen
231 1418 310 1471 lectis
324 1417 392 1485 ejus
402 1417 495 1480 literis,
508 1434 575 1484 quas
594 1416 630 1468 ad
645 1433 689 1469 me
707 1415 864 1482 gratissimo
882 1414 972 1467 animo

122 1494 157 1545 de
170 1496 218 1545 tua
229 1492 395 1545 liberalitate
410 1491 597 1559 beneficioque
614 1491 696 1556 misit,
709 1489 825 1543 eandem
841 1505 886 1542 me
901 1488 971 1542 salu-

122 1572 177 1620 tem
198 1583 214 1618 a
232 1570 261 1618 to
280 1567 416 1633 accepisse
435 1567 530 1634 putavi
551 1581 632 1633 quam
652 1565 715 1628 ille;
736 1566 764 1617 in
781 1580 864 1633 quem
884 1564 906 1618 si
925 1580 971 1618 mc

121 1641 252 1708 intelligis
267 1658 327 1694 csse
344 1646 460 1708 gratum,
478 1658 550 1708 cura,
570 1640 691 1708 obsecro,
703 1644 735 1694 ut
749 1639 832 1694 etiam
847 1641 875 1693 in
893 1641 972 1694 Pom-

121 1717 212 1784 peium
226 1735 285 1770 csse
298 1718 404 1785 possim.

327 1816 389 1881 'ra
425 1833 552 1883 crosno
569 1834 696 1884 nr'rrco
713 1835 737 1885 a.

285 1921 329 1982 (nn
347 1931 469 1981 arrreurr,
489 1931 527 1970 nr.
546 1922 586 1971 16.
620 1935 645 1970 n.
659 1933 684 1971 o.
700 1934 722 1972 c.
743 1923 808 1985 705.)

122 2019 212 2082 Quum
231 2016 307 2084 quod
325 2016 473 2070 scriberem
489 2016 525 2070 ad
541 2019 570 2070 te
586 2017 653 2070 nihil
670 2017 809 2083 haberem,
826 2021 918 2072 tamen
937 2034 972 2072 ne

121 2110 203 2162 quern
223 2091 295 2145 diem
314 2092 527 2146 intermitterem
548 2092 596 2145 has
617 2091 682 2145 dedi
705 2092 805 2145 literas.
842 2095 876 2146 A.
889 2095 916 2147 d.
934 2110 971 2147 vr.

123 2169 184 2222 Kal.
208 2167 352 2223 Gaesarem
370 2168 520 2230 ,Sinuessae
540 2184 697 2221 mansurum
718 2168 888 2222 nuntiabant.
923 2169 992 2225 nb.

121 2264 154 2300 eo
168 2245 235 2299 mihi
248 2245 347 2299 literae
363 2244 489 2298 redditae
505 2248 568 2298 sunt
584 2256 609 2298 a·
625 2244 651 2297 d.
667 2260 717 2297 vu.
737 2244 854 2298 Kalend.
870 2245 971 2313 quibus

117 2322 176 2391 jam
195 2339 260 2392 opes
284 2339 359 2376 meas
375 2339 435 2375 non
455 2327 487 2375 ut
511 2322 695 2390 superioribus
719 2321 806 2374 literis
827 2338 905 2390 opem
925 2337 971 2374 ex-

121 2404 234 2466 spectat.
273 2399 362 2462 Quum
390 2399 449 2467 ejus
475 2397 649 2452 clementiam
677 2397 873 2452 Corfiniensem
896 2397 971 2451 illam

121 2491 169 2542 per
179 2475 274 2526 literas
287 2475 518 2540 collaudarissem
530 2474 671 2543 rescripsit
682 2473 734 2526 hoc
746 2474 877 2541 exemplo.

241 2605 379 2652 CAESAR
396 2606 473 2653 IMP.
493 2606 662 2655 CICERONI
679 2607 755 2655 IMP.
774 2608 799 2659 S.
818 2608 850 2656 D.

124 2700 208 2752 ltecte
224 2698 366 2766 auguraris
384 2699 420 2754 dc
438 2717 489 2766 me,
509 2699 579 2755 benc
597 2702 668 2754 enim
688 2701 738 2754 tibi
757 2702 883 2769 cognitus
901 2718 970 2771 sum,

72 2808 76 2813 -
122 2774 188 2828 nihil
216 2789 233 2826 a
256 2792 300 2828 me
328 2776 425 2830 abesse
453 2775 559 2842 longius
588 2776 770 2830 crudelitate
797 2778 891 2844 Atque
919 2794 970 2845 ego

122 2867 206 2916 quum
218 2868 253 2906 cx
264 2853 324 2921 ipsa
340 2871 371 2909 re
387 2870 512 2921 magnam
525 2854 601 2922 cupio
619 2853 866 2922 voluptatem,tu1n
879 2870 970 2908 meum

102 2923 222 2988 Acetum
231 2930 353 2995 probari
367 2931 419 2987 abs
439 2937 468 2986 te
486 2932 624 3003 triumpho
642 2931 747 3002 gaudio.
785 2930 884 2997 Neque
902 2930 971 2985 illud

74 3002 138 3104 dore
157 3008 358 3076 rnoretquori
381 3013 402 3067 ii
423 3014 473 3084 qui
495 3031 512 3069 a
531 3031 579 3070 me
604 3010 712 3069 dimissi
734 3013 800 3064 sunt
822 3006 978 3060 distetisset

34 3074 220 3183 „JZWWP
239 3087 274 3135 ut
297 3090 372 3144 milri
396 3111 500 3152 rursus
518 3094 629 3151 bellurn
647 3092 810 3150 inlcrrentx
830 3084 904 3138 abib
923 3081 997 3132 mim

58 3144 105 3239 ,Γᾶ
164 3153 260 3226 ‘mil
285 3162 318 3218 dt
339 3183 394 3225 me
413 3174 478 3230 ruci
501 3175 633 3232 similem
655 3189 722 3229 csse
743 3165 865 3226 atilios
882 3158 939 3213 siit·
965 3151 1016 3206 'lb
