2084 3404
303 128 468 176 nautius,
503 127 578 176 GAP.
597 127 647 174 XL
666 127 732 178 XII.
913 133 941 180 41

94 211 243 267 amicitiam
261 226 372 264 manere
388 208 412 261 si
431 207 567 262 avirtute
583 207 725 264 deieceris.
756 215 802 267 38.
822 210 902 275 Quod
920 213 944 264 si

94 285 444 347 rectumstatuerimusrcl
463 284 611 338 concedere
631 282 724 338 amicis
736 287 878 356 ,quidquid
899 306 943 342 vc-

94 363 212 431 liutvel
235 364 383 432 impetrare
405 360 441 414 ab
469 361 503 413 iis
523 361 658 429 quidquid
681 361 803 430 velimus,
823 365 943 431 perfecta

95 441 206 508 quidem
220 440 352 509 sapientia
368 439 459 504 simus,
481 437 504 490 si
523 437 590 490 nihil
610 438 711 493 habeat
734 455 779 492 res
799 440 873 494 vitii:
896 442 944 495 sed

95 516 231 584 loquimur
243 516 279 569 de
290 515 324 568 iis
336 515 430 568 amicis
441 514 488 582 qui
504 517 569 566 ante
584 514 680 576 ‚oculos
700 519 770 582 sunt,
785 531 859 584 ‚quos
877 517 944 568 vidi-

94 609 156 645 mus
176 595 224 645 aut
243 592 278 644 de
297 591 396 660 quibus
419 591 588 643 memoriam·
602 591 764 659 acecpimus,
783 608 851 659 quos
869 593 945 646 novit

94 669 152 721 vita
164 669 319 720 communis.
355 667 396 720 Ex
409 667 459 720 hoc
468 667 667 721 numeronobis
680 668 805 736 exempla
815 663 945 722 sumenda

52 761 57 771 ·
95 749 166 810 sunt,
192 748 221 798 et
244 762 338 798 eorum
367 743 477 813 quidem
507 744 626 797 mraxime
652 745 699 813 qui
724 744 760 798 ad
784 745 943 814 sapientiam

94 820 218 888 proxime
235 821 374 875 accedunt.
411 825 451 874 39.
480 820 611 874 Videmus
631 821 735 889 Papum
756 820 896 874 AEmilium
916 822 945 873 C.

95 897 212 950 Luscino
223 897 384 965 familiarem
396 896 488 962 fuisse,
502 898 548 961 (sic
560 914 576 950 a
588 897 713 965 patribus
722 898 889 965 accepimus)
903 897 946 950 bis

94 989 148 1025 uua
159 973 288 1040 consules,
301 974 417 1041 collegas
429 973 457 1025 in
470 989 598 1026 censura:
609 977 667 1026 tum
681 976 709 1026 et
721 990 782 1026 cum
790 973 823 1026 iis
833 977 861 1027 ct
873 974 946 1026 inter

96 1066 124 1101 se
143 1050 378 1117 conjunctissimos
393 1049 480 1121 ,fuisse
500 1049 546 1101 Μ’.
564 1049 677 1103 Curium
697 1053 726 1103 ct
750 1050 790 1103 Ti.
810 1050 944 1103 Corunca-

95 1125 170 1177 nium
200 1125 347 1178 memoriae
364 1125 512 1193 proditum
536 1127 585 1178 est.
632 1125 722 1191 Igitur
750 1141 785 1178 nc
815 1126 946 1193 suspicari

96 1199 206 1267 quidem
218 1216 362 1267 possumus
374 1216 537 1267 quemquam
549 1200 646 1253 horum
658 1199 693 1252 ab
706 1199 791 1252 amico
804 1201 944 1268 quidpiam

96 1275 269 1328 contendisse
293 1274 367 1342 quod
390 1277 485 1328 contra
512 1275 602 1343 iidem,
626 1279 720 1328 contra
743 1275 945 1343 jusjurandum,

96 1355 261 1404 contrairem
273 1351 410 1419 publicam
424 1355 505 1404 esset.
539 1351 610 1404 Nam
622 1350 672 1404 hoc
684 1351 795 1420 quidem
807 1351 834 1404 iu
844 1351 946 1405 talibus
1013 1378 1018 1383 ·

96 1427 161 1479 viris
174 1427 241 1495 quid
252 1427 354 1481 attinet
371 1428 470 1494 dicere,
488 1426 510 1480 si
523 1426 715 1493 contendisset,
732 1428 944 1494 impetraturum

94 1519 149 1555 non
173 1504 263 1570 fuisse,
289 1520 372 1572 quum
396 1503 436 1556 illi
459 1503 621 1556 sanctissimi
645 1503 696 1556 viri
720 1503 830 1571 fuerint,
858 1519 946 1571 aequo

95 1582 186 1632 autem
196 1580 273 1633 nefas
286 1580 322 1633 sit
334 1580 390 1633 tale
399 1579 503 1648 aliquid
515 1583 544 1633 ct
555 1580 644 1635 facere
656 1582 782 1647 rogatum
790 1583 819 1633 ct
828 1582 945 1648 rogaret

93 1655 137 1721 *At
149 1671 212 1708 vcro
224 1655 427 1732 Ti3Gracchum
440 1655 625 1723 sequebantur
638 1655 666 1710 Ο.
680 1655 777 1723 Carbo,
790 1655 823 1709 d:
832 1655 907 1723 Octo,
916 1659 946 1708 ct

95 1730 206 1785 minime
218 1735 283 1795 tuuc
296 1731 407 1800 quidem
417 1731 498 1785 Gaius
509 1733 602 1798 frater,
615 1749 687 1786 nuuc
698 1733 772 1785 idem
783 1733 943 1785 'aterrimus

148 1806 217 1860 XII.
238 1813 281 1861 40.
304 1807 382 1860 Haec
403 1807 488 1874 igitur
508 1808 554 1861 lcx
573 1809 601 1860 in
619 1808 738 1862 amicitia
759 1807 897 1861 sanciatur
914 1811 946 1860 ut

28 1925 30 1929 .
96 1897 185 1948 neque
196 1897 322 1949 rogemus
330 1898 379 1944 res
390 1887 485 1951 turpes
503 1899 554 1937 nec
569 1883 699 1938 faciamus
715 1882 813 1952 rogati.
848 1883 946 1952 Turpis

97 1957 172 2008 cuim'
194 1955 332 2010 excusatio
357 1962 400 2012 est
423 1961 452 2011 et
476 1959 587 2012 minime
615 1959 773 2029 accipienda
804 1975 887 2028 quum
917 1959 945 2012 in

96 2033 196 2086 ceteris
215 2034 343 2102 peccatis,
355 2037 414 2087 tum
434 2034 457 2087 si
478 2035 540 2103 quis
560 2040 654 2089 contra
675 2052 733 2090 rcm
756 2034 892 2104 publicam
915 2052 945 2089 se

96 2109 175 2162 amici
188 2126 269 2163 causa
280 2109 377 2164 fecisse
389 2110 521 2165 fateatur.
558 2110 668 2164 Etenim
686 2128 718 2164 oo
733 2111 798 2180 loco,
812 2110 898 2163 Fanni
916 2115 945 2164 et

97 2184 232 2252 Scaevola,
241 2185 322 2239 locati
335 2202 428 2239 sumus
437 2189 468 2239 ut
484 2202 533 2238 uos
549 2184 629 2254 louge
645 2186 802 2254 prospicere
818 2189 946 2252 oporteat

97 2260 205 2313 futuros
233 2276 311 2313 casus
334 2261 374 2314 rei
393 2260 527 2328 publicae.
564 2261 685 2314 Deflexit
708 2261 767 2328 jam
792 2260 945 2328 aliquantu-

97 2335 153 2387 lum
166 2335 202 2387 de
226 2337 314 2403 spatio
334 2335 522 2403 curriculoque
541 2335 710 2389 consuetudo
729 2335 870 2403 majorum.
907 2337 946 2390 Ti.

99 2410 238 2463 Gracchus
256 2427 370 2478 rognum
386 2427 516 2478 occuparo
536 2414 649 2464 conatus
662 2416 712 2477 est,
725 2412 768 2465 vel
783 2412 907 2480 regnavit
921 2413 946 2466 is

97 2486 209 2554 quidem
221 2503 447 2554 paucosmenses.
481 2492 523 2539 41.
550 2488 624 2540 Num
643 2488 710 2558 quid
724 2488 812 2542 similo
830 2490 946 2558 populus

98 2563 236 2616 Romanus
245 2563 371 2617 audierat
383 2566 431 2618 aut
443 2563 571 2617 viderati
608 2564 689 2619 Hunc
701 2564 783 2619 etiam
795 2570 859 2633 post
874 2583 946 2620 mor-

96 2643 154 2692 tem
180 2638 265 2693 secuti
290 2639 370 2693 amici
394 2642 423 2693 et
445 2639 591 2709 propinqui
620 2642 686 2710 quid
710 2642 738 2695 in
763 2641 793 2696 P.
821 2642 946 2710 Scipione

97 2715 235 2769 effecerint
247 2715 305 2769 sine
323 2716 441 2770 lacrimis
456 2732 510 2769 non
528 2733 598 2784 queo
617 2718 715 2772 dicero,
751 2717 823 2771 Nam
846 2717 948 2771 Carbo*

96 2805 158 2843 nem
171 2807 279 2860 quoquo
296 2791 376 2845 modo
388 2792 526 2861 potuimus
542 2797 657 2862 proptor
675 2797 811 2848 recentem
828 2809 899 2860 poen

97 2867 138 2925 m,
150 2866 272 2920 Gracchi
284 2869 468 2922 sustinuimus.
505 2869 547 2922 Do
568 2869 597 2923 G.
610 2874 701 2930 autem
724 2869 838 2922 Gracchi
859 2867 915 2921 trib

96 2945 164 2994 natu
175 2941 243 3010 quid
255 2948 410 3011 exspectem
422 2961 476 2997 non
485 2943 553 2998 libet
562 2946 704 3013 adamari.
733 2945 839 3004 aarum
853 2941 930 2985 aem

97 3032 148 3082 res,
167 3033 237 3087 quae
255 3019 404 3088 proclivius
424 3021 464 3076 ad
484 3022 647 3092 pernicicm
666 3031 762 3084 uuum
776 3007 875 3083 sam&

88 3089 199 3163 lebiton
238 3094 355 3154 Videtis
375 3100 406 3155 in
426 3098 543 3155 tabella
558 3098 627 3167 'para
643 3095 718 3146 ante
738 3079 862 3149 <imm

78 3164 165 3239 labet
176 3172 276 3241 primo
291 3176 422 3237 Gabinia
440 3177 526 3248 lege,
539 3169 670 3230 hiennio
694 3163 810 3215 autem
825 3138 909 3208 W*
