2084 3404
122 137 168 183 ’96
366 132 404 183 M.
422 123 550 182 TULLII
567 131 756 182 CICERONIS
802 173 806 179 .

136 214 233 269 facturi
246 209 306 269 esse
318 212 454 270 dicuntur.
490 214 548 283 llgo
562 213 651 269 adhuc
662 232 726 270 orae
741 214 895 272 maritimae
907 212 983 286 prae

135 309 195 344 sum
225 309 242 345 a
267 292 388 346 Formiis.
424 291 538 345 Nullum
561 291 650 360 majus
679 293 819 361 negotium
848 295 986 364 suscipere

135 369 215 436 volui,
235 385 289 438 que
305 369 368 438 plus
383 369 457 437 apud
471 368 547 421 illum
564 385 640 421 meae
657 369 753 423 literae
771 369 986 424 cohortationes-

134 462 188 513 que
204 446 241 499 ad
260 463 354 514 pacem
370 446 500 503 valerent.
530 445 584 498 ein
600 449 692 498 autem
709 446 762 498 erit
778 445 888 514 bellum,
904 446 985 499 video

134 539 178 576 nra
201 523 299 576 eastris
323 526 352 576 et
372 523 455 575 certis
476 520 630 588 legionibus
653 514 850 587 praefuturum.
886 521 984 575 Habeo

134 600 217 652 ctiam
241 599 316 651 illam
340 597 492 649 molestiam
522 596 596 663 quod
623 597 766 650 Dolabella
790 602 884 652 noster
909 597 984 666 apud
1012 649 1015 654 .

70 732 71 735 ,
157 692 279 728 aesarem
292 679 342 728 est.
379 675 456 726 Haeo
468 673 519 729 tibi
532 677 597 727 nota
609 690 669 726 esse
681 673 753 727 volui
765 693 770 727 :
790 691 861 743 qnae
873 691 938 728 eave
949 691 985 729 ne

134 757 161 802 re
180 751 344 817 perturbent
367 754 396 802 ot
421 749 574 818 impediant
597 749 782 804 valetudinem
805 755 889 805 tuam.
926 751 984 820 Ego

137 828 167 877 A.
194 826 319 892 Varroni,
346 843 428 894 quom
453 844 537 894 quum
559 828 774 882 amantissimum
793 828 847 881 mei
871 828 984 896 cognovi

133 906 192 954 tum
211 902 295 955 etiam
308 903 388 957 valde
405 903 446 956 tui
466 903 849 970 studiosum?diligentissime
867 907 897 958 te
914 921 985 957 eom·

133 978 267 1047 nrondavi,
291 984 323 1032 nt
343 986 372 1034 ct
393 979 557 1033 valetudinis
582 984 646 1033 tuac
666 981 800 1032 rationem
819 979 935 1032 haberet
954 983 984 1034 et

132 1054 319 1123 navigationis,
332 1060 361 1110 et
376 1050 465 1110 tetum
477 1060 506 1110 to
524 1056 722 1125 susciperetur
738 1057 881 1128 tueretur:
899 1071 983 1124 quem

133 1132 223 1184 omnia
244 1132 380 1186 facturum
401 1133 522 1198 confido;
548 1132 653 1201 recepit
677 1132 797 1186 enimet
819 1146 926 1185 meeum
946 1130 984 1184 lo

133 1211 213 1262 cutus
228 1213 271 1264 est
286 1211 451 1265 suavissime.
488 1211 528 1262 'lu
546 1210 673 1278 quoniam
690 1225 723 1263 eo
739 1212 863 1278 tempore
876 1224 982 1260 meeum

133 1301 193 1338 esso
205 1303 258 1339 non
270 1288 392 1355 potuisti,
403 1303 456 1354 quo
466 1303 518 1353 ego
530 1285 647 1339 maximo
659 1302 769 1354 operam
779 1289 809 1338 et
819 1283 983 1337 fidelitatem

133 1360 287 1414 desideravi
312 1366 396 1429 tuam,
418 1379 482 1414 eave
504 1362 618 1414 lestines
641 1364 690 1413 aut
711 1360 864 1412 committas
883 1362 915 1411 ut
933 1363 982 1412 aut

133 1453 215 1503 aeger
234 1441 283 1490 aut
303 1437 392 1489 hieme
416 1435 533 1502 naviges.
569 1436 726 1503 Numquam
746 1452 807 1488 sere
825 1438 854 1487 te
873 1435 981 1487 venisse

133 1511 242 1577 putabo,
256 1511 278 1563 si
291 1511 381 1563 salvus
393 1511 507 1563 veneris.
538 1510 638 1563 Adhuc
650 1510 787 1564 neminem
799 1509 920 1561 videram
933 1511 980 1577 qui

132 1591 161 1638 te
174 1589 269 1652 postea
280 1585 395 1639 vidisset
407 1602 489 1653 quam
502 1585 542 1638 M.
555 1583 690 1651 Volusius,
706 1600 723 1638 a
739 1601 794 1654 quo
810 1588 871 1637 tuas
885 1584 981 1638 literas

132 1661 223 1728 accepi
234 1681 239 1715 :
258 1662 332 1730 quod
344 1679 397 1715 non
410 1661 536 1714 mirabar.
572 1660 671 1729 Neque
686 1661 759 1715 eninr
777 1677 853 1713 meas
865 1664 931 1728 puto
943 1663 980 1715 ad

133 1742 161 1789 te
185 1737 279 1791 literas
302 1741 381 1791 tanta
401 1737 491 1790 hieme
515 1736 638 1806 perferri.
674 1735 730 1790 Sed
755 1736 791 1790 da
814 1753 924 1804 operam
948 1740 980 1791 ut

132 1813 239 1879 valeas;
257 1815 323 1868 etsi
339 1815 448 1878 valebis,
465 1829 549 1882 quum
564 1816 640 1867 recte
656 1812 778 1881 navigari
794 1813 903 1881 poterit,
919 1815 980 1867 tum

134 1892 249 1956 naviges.
286 1891 381 1944 Cicero
400 1906 476 1943 meus
495 1891 523 1942 in
541 1889 686 1943 Formiano
705 1892 781 1943 erat:
805 1888 933 1941 Terentia
950 1892 980 1944 et

133 1965 219 2018 Tullia
241 1966 351 2019 Romae.
387 1966 459 2020 Cara
481 1970 514 2019 ut
536 1966 634 2019 valeas.
670 1981 709 2019 1v.
734 1963 874 2018 Kalendas
899 1963 979 2019 Febr.

128 2041 233 2109 Capua.
666 2061 670 2067 ’

129 2162 132 2166 “
219 2166 241 2207 o.
276 2160 403 2209 CICERO
420 2159 448 2207 F.
466 2157 593 2206 TIRONI
610 2157 676 2206 SUO
693 2142 893 2206 Duumssjs

383 2247 447 2311 (rvr.
467 2249 505 2296 21.
540 2257 639 2296 aue
660 2243 726 2307 710.)

132 2343 222 2407 Quum
245 2342 421 2418 vehementer
443 2340 600 2396 tabellarios
626 2342 815 2408 exspectarem
845 2337 977 2412 qnotidie,

131 2419 278 2486 aliquando
294 2422 428 2473 venerunt
445 2420 509 2487 post
526 2417 600 2472 diem
618 2431 661 2472 xn.
679 2420 709 2469 et
721 2431 758 2469 v1.
776 2431 858 2484 quam
872 2431 889 2466 a
900 2414 978 2468 vobis

131 2494 330 2560 discesserant3
348 2511 463 2562 quorum
481 2493 549 2546 mihi
563 2493 617 2547 fuit
632 2493 767 2545 adventus
783 2490 976 2558 optatissimus.

132 2569 156 2620 N
159 2585 202 2620 am
219 2585 303 2636 quum
320 2571 465 2622 maximam
486 2569 618 2636 cepissem
637 2567 770 2620 laetitiam
790 2583 824 2618 ex
843 2565 976 2618 humanis

130 2644 191 2696 simi
204 2647 232 2698 et
243 2644 375 2697 carissimi
386 2644 473 2711 patris
485 2645 609 2712 epistola,
620 2647 680 2697 tum
692 2659 755 2696 vcro
763 2640 977 2709 jucundissimae

130 2733 195 2774 tuae
213 2720 309 2774 literae
328 2719 464 2772 cumulum
483 2718 549 2773 niihi
568 2719 661 2786 gaudii
680 2717 840 2771 attulerunt.
879 2716 978 2783 ltaque

130 2813 175 2850 me
195 2795 254 2865 jam
272 2812 326 2849 non
348 2793 506 2864 poenitebat
525 2793 758 2862 intercapedinem
782 2790 918 2845 scribendi
937 2791 978 2846 fe-

125 2872 204 2937 cisse,
222 2872 273 2926 sed
286 2871 380 2941 potius
395 2868 535 2935 laetabar;
557 2871 677 2923 fructum
693 2869 766 2922 enim
784 2884 913 2935 magnum
929 2867 978 2920 hu-

108 2947 263 3000 manitatis
276 2951 344 3004 tuac
356 2946 500 3018 capiebam
516 2964 551 3002 ox
568 2946 676 3000 silentio
688 2958 811 2997 mearum
827 2943 976 2999 literarum.

48 3030 53 3075 ι
104 3011 304 3078 Vehementer
329 3027 423 3096 igitur
440 3026 554 3098 gaudeo
578 3027 611 3080 te
627 3037 720 3078 meam
736 3020 797 3074 sins
815 3018 989 3071 dubitabam

77 3091 240 3170 accepisse
265 3107 506 3162 excusationem.
543 3104 652 3162 Grates
674 3098 733 3171 tini
755 3097 932 3174 aptatasque·
946 3103 1008 3170 Q

63 3161 126 3214 ‘¹¹¹¹
139 3159 182 3215 αθ
196 3184 248 3227 ¹¹2⁶
263 3192 412 3242 rumores
426 3166 600 3246 afferur’rtur
613 3186 676 3240 eon
686 3169 856 3235 dubitares
865 3164 1039 3218 ducissam.
