2084 3404
284 135 539 187 EPISTOLARUM
557 136 659 184 LIBRI
676 135 759 186 DUO.
917 130 947 187 87

96 218 166 286 sel03
182 221 246 274 tuas
257 223 350 274 autem
362 219 527 286 ignoramus.
559 217 708 284 Tamquam
721 217 794 270 euim
806 217 898 271 clausa
911 217 948 270 sit

98 295 172 363 Asia,
185 296 223 349 sie
238 296 304 349 nihil
322 295 463 363 perfertur
477 293 514 347 ad
530 308 580 346 nos
591 296 704 361 praeter
716 310 839 346 rumores
853 293 887 346 do
900 310 948 362 op-

96 386 190 439 presso
199 370 347 435 Dolabella,
357 369 492 423 satisillos
502 368 614 438 quidem
624 369 849 436 constantes‘sed
859 369 949 422 adhue

96 447 155 500 sine
171 452 304 504 auctore·
325 447 383 499 Nos
400 446 553 499 confectum
569 443 671 499 bellum
685 461 769 512 quum
781 447 948 513 putaremus

96 527 210 591 repente
226 539 243 575 a
259 523 364 590 Lepido
376 525 425 575 tuo
437 522 611 575 insum'mam
630 521 842 575 sollicitudinem
854 537 949 576 sumus

96 598 216 652 addueti.
254 599 354 667 ltaque
371 598 422 652 tibi
442 598 578 667 persuade
596 594 744 651 maximam
763 597 949 667 reipublicae

77 696 81 701 ’
96 675 255 743 speminte
267 677 335 728 etin
347 676 402 730 tuis
415 675 500 743 eopiis
516 691 585 728 esse.
623 675 732 728 Firmos
749 674 858 728 omnino
873 691 950 727 exer-

96 751 168 812 eitus
180 750 334 806 habemuse
344 751 393 805 sed
405 755 498 804 tamen
513 754 545 804 ut
561 752 659 818 omnia,
672 756 704 805 ut
717 768 805 820 spero,
816 767 949 820 prospere

96 827 255 895 procedant,
276 829 392 882 multum
416 828 534 882 interest
558 828 706 882 tevenire.
744 828 852 896 Exigua
876 829 948 881 eninr

97 919 160 970 spes
177 908 220 957 est
238 904 277 958 rei
301 904 447 972 publicae;
471 921 535 956 nam
554 904 657 957 nullam
677 920 731 957 non
749 904 948 958 libet‘dieer·o:

97 979 147 1032 sed
165 996 352 1048 quaecumque
370 985 420 1044 ost,
438 997 471 1032 oa
489 980 679 1048 despondetur
699 997 771 1034 auno
792 981 948 1034 consulatus

96 1055 146 1109 tui.
185 1056 260 1110 Vale.

252 1176 291 1220 36.
325 1172 452 1220 CICERO
469 1172 592 1219 ACILIO
610 1171 748 1221 PROCOS.
767 1172 793 1221 S.

359 1270 481 1328 (x111.30.
516 1281 542 1315 A.
556 1280 581 1315 o.
595 1280 617 1315 o.
632 1267 697 1330 708.)

98 1351 129 1405 L.
142 1349 260 1404 Manlius
276 1351 320 1404 est
337 1349 418 1403 Sosis.
456 1349 485 1402 Is
502 1349 556 1401 fuit
575 1348 741 1403 Catinensis:
767 1347 817 1402 sed
835 1352 879 1403 est
896 1366 949 1402 una

97 1443 160 1481 eum
177 1426 289 1494 reliquis
308 1425 497 1493 Neapolitanis
516 1425 583 1479 eliis
598 1425 738 1478 Romanus
753 1425 850 1493 factus,
870 1425 950 1479 deeu-

98 1503 194 1572 rioque
211 1502 341 1570 Neapoli:
365 1501 510 1556 eratenim
523 1500 677 1570 adscriptus
689 1502 717 1554 in
729 1500 950 1572 id.muuieipium

99 1583 162 1632 ento
186 1579 324 1633 civitatem
349 1578 428 1632 sociis
452 1581 481 1631 et
505 1577 612 1631 Latinis
633 1578 733 1632 datam.
771 1579 839 1648 Ejus
862 1580 950 1633 frater

99 1655 213 1708 Catinae
224 1672 312 1724 nuper
324 1659 448 1708 mortuus
461 1657 510 1709 est.
537 1654 648 1709 Nullam
661 1656 770 1709 omnino
782 1655 951 1709 arbitramur

99 1730 134 1784 de
149 1747 182 1784 ea
198 1731 354 1786 hereditate
369 1732 580 1785 controversiam
594 1748 657 1787 eum
670 1731 847 1798 lrabiturum3
865 1737 894 1785 et
907 1737 950 1786 est

99 1801 180 1860 hodio
196 1808 223 1859 in
239 1807 328 1862 bonis.
365 1808 420 1862 Sed
437 1808 564 1877 quoniam
579 1807 663 1861 habet
679 1813 823 1876 praeterea
840 1809 950 1875 negotia

98 1887 193 1935 vetera
211 1883 239 1935 in
262 1883 353 1936 Sicilia
370 1901 428 1949 sua,
449 1888 478 1938 et
502 1884 571 1938 hane
595 1884 950 1953 liereditutemfraternam

99 1962 128 2011 et
140 1959 229 2012 omnia
241 1959 301 2027 ejus
312 1958 363 2012 tibi
376 1960 543 2026 commendo,
557 1961 584 2013 in
598 1961 747 2030 primisque
758 1954 850 2030 ipsum
860 1961 950 2014 virum

99 2035 232 2102 optimum
248 2035 370 2103 mihique
387 2036 635 2104 familiarissimum,¹
649 2037 682 2091 iis
694 2038 793 2091 studiis
808 2039 950 2092 literarum

38 2147 39 2150 ,
99 2111 295 2181 doctrinaeque
314 2112 470 2182 praeditum
490 2112 590 2182 quibus
610 2129 660 2180 ego
681 2114 800 2168 maxime
818 2114 949 2168 delector.

100 2186 170 2242 Poto
186 2189 270 2256 igitur
287 2188 336 2242 abs
353 2191 382 2241 te
398 2192 430 2241 ut
446 2205 516 2255 eum,
529 2189 587 2262 sivo
603 2189 694 2242 aderit
707 2191 763 2242 sive
776 2207 829 2242 non
843 2191 950 2243 venerit

33 2317 35 2322 ,
99 2263 127 2315 in
140 2263 265 2330 Siciliam,
278 2264 305 2317 in
319 2265 386 2317 meis
397 2264 502 2317 intimis
519 2265 692 2331 maximeque
709 2265 869 2317 necessariis
882 2266 950 2319 scias

100 2354 160 2391 esse
171 2359 178 2403 ;
196 2339 290 2408 itaquo
301 2343 405 2394 tractes
417 2343 449 2394 ut
461 2340 599 2408 intelligat
610 2357 699 2394 meam
713 2339 765 2392 sibi
778 2341 951 2394 commenda-

99 2413 203 2468 tionem
216 2431 313 2482 magno
325 2416 485 2484 adjumento
497 2417 588 2470 fuisse.

236 2544 274 2593 37.
310 2543 347 2589 M.
367 2543 493 2591 CICERO
511 2543 536 2591 S.
555 2544 587 2591 D.
607 2544 634 2590 C.
655 2543 814 2593 CURIONI.

372 2648 411 2710 (ιι,
425 2649 447 2696 l.
483 2661 509 2698 a,
524 2661 549 2698 u,
563 2661 584 2697 o.
599 2649 664 2709 701.)

100 2731 286 2800 Epistolarum
299 2746 402 2797 genera
416 2730 504 2784 multa
516 2746 575 2784 esse
588 2746 642 2783 non
655 2730 765 2798 ignoras
775 2753 781 2798 ;
793 2732 849 2806 sed
866 2750 949 2786 unum

100 2808 168 2860 illud
184 2807 365 2861 certissimum
384 2806 463 2875 eujus
481 2823 563 2861 eausa
579 2807 691 2860 inventa
708 2825 752 2862 res
770 2809 830 2875 ipsa
849 2812 899 2875 est,
918 2814 950 2863 ut

99 2886 230 2939 certiores
248 2885 399 2938 faceremus
418 2884 552 2949 absentes,
571 2885 594 2938 si
619 2885 687 2952 quid
711 2887 784 2937 esset
806 2884 882 2957 quod
904 2901 950 2938 eos

72 3010 75 3017 .
101 2961 170 3014 'seire
181 2965 230 3015 ant
244 2966 338 3015 nostra
352 2966 400 3015 aut
412 2963 533 3031 ipsorum
545 2962 705 3015 interesset.
739 2959 840 3021 &luxus
848 2961 970 3018 <genere

98 3037 638 3110 literasameprofeetononenspoetas.
657 3029 1000 3087 ‘lnammmmem

89 3113 258 3175 domesticos
274 3118 367 3175 habes
385 3124 415 3177 et
429 3121 595 3192 seuipoores
608 3110 789 3170 etnuut'xos.
820 3087 1018 3206 Χψξζξᾷ

81 3192 140 3242 tem
150 3189 239 3248 rebus
250 3195 326 3253 nihil
340 3203 392 3258 est
401 3216 478 3258 sane
488 3197 574 3256 noui.
597 3192 741 3258 Rel'rtml
751 3177 832 3233 *m
842 3176 915 3227 ww
