2084 3404
311 95 350 146 M.
368 95 496 146 TULLII
514 93 705 144 CICEROle

95 194 135 231 ion
147 175 245 244 gravis.
281 181 305 229 9.
330 176 482 246 Aptissima
494 176 603 230 omnino
615 178 687 242 sunt,
704 173 794 242 Scipio
807 178 836 228 et
847 175 930 241 Laeli,

92 269 158 304 rnna
170 251 319 305 senectutis
331 255 405 305 artos
423 253 687 320 exercitationesque
704 251 844 311 virtutum,
853 267 930 318 ⁴quae

86 328 111 377 ln
135 325 208 377 omni
231 330 323 380 aetate
346 326 547 395 cultae-quum
570 326 616 379 diu
635 327 805 394 multumque
823 326 930 392 vixeris,

83 399 210 454 mirificos
234 401 352 455 efferunt
374 398 487 467 fruct'us,
510 418 564 455 non
589 402 675 455 solum
702 402 766 470 quia
793 418 930 469 nunquam

83 474 215 530 desemnt
235 494 254 530 n
294 480 418 530 extremo
437 477 548 545 quidem
568 480 692 545 tempore
711 476 817 543 aetatis,
838 493 931 544 quam-

85 569 166 621 quam
183 554 212 605 id
224 493 333 621 quinem
350 553 498 608 maximum
515 559 565 621 est,
583 570 677 608 verum
694 554 777 607 etiam
793 553 857 620 quia
872 567 933 604 oon-

84 629 198 682 scientia
216 628 286 682 bcne
304 632 382 684 actae
399 630 473 683 vitae
490 630 693 698 multorumque
711 627 933 682 benefactorum

85 704 240 758 recordatio
254 704 453 773 jucundissima
466 710 515 759 cst.

137 781 187 832 IV.
225 784 265 832 10.
289 783 350 845 llgo
370 776 401 842 Q.
414 777 573 841 Maximum,
589 793 652 830 eum
669 776 716 844 qui
731 777 878 831 Tarentum
892 793 933 831 re

83 854 164 921 cepit,
185 853 344 907 adolescens
359 853 398 907 ita
419 851 503 906 dilexi
522 869 613 906 senem
629 855 662 906 ut
677 851 830 920 aequalem.
864 852 933 906 Erat

84 929 156 982 eninr
168 929 196 981 in
213 928 260 982 illo
272 929 330 982 viro
342 929 470 983 comitate
482 927 593 982 condita
604 927 732 995 gravitas,
745 943 795 981 nec
807 931 932 981 senectus

83 1020 174 1057 mores
193 1007 364 1070 mutaverat,
392 1020 557 1073 quamquam
581 1020 644 1059 eum
667 1003 756 1060 eolcre
778 1003 855 1073 coepi
878 1020 932 1057 non

84 1079 233 1133 admodum
244 1080 377 1149 grandem
388 1082 465 1147 natu,
479 1079 529 1134 sed
540 1083 632 1134 tamen
643 1078 703 1148 jam
719 1082 811 1133 aetate
822 1096 932 1148 provee-

84 1158 151 1209 tum.
187 1158 270 1210 Anno
281 1155 354 1211 enirn
365 1159 429 1226 post
444 1156 537 1210 consul
548 1157 667 1227 primum
683 1155 774 1209 fuerat
788 1173 870 1225 quam
881 1172 933 1224 ege

85 1235 165 1287 natus
184 1249 251 1301 sum,
267 1249 383 1303 cumque
397 1250 429 1287 eo
447 1238 575 1302 quartum
591 1233 701 1287 consule
716 1231 933 1286 adolescentulus

84 1308 162 1362 miles
181 1309 217 1362 ad
232 1309 353 1378 Capuam
373 1309 512 1378 proiectus
531 1325 598 1375 surn,
615 1309 766 1377 quintoque
783 1325 854 1360 anno
869 1310 932 1376 post

84 1384 121 1434 ad
139 1384 293 1437 Tarentum.
329 1384 464 1448 Quaestor
484 1383 584 1436 deinde
603 1383 779 1450 quadriennio
797 1386 860 1450 post
878 1384 932 1436 fac·

85 1461 130 1510 tus
149 1474 216 1524 sum,
236 1475 290 1526 que
334 1459 524 1526 magistratum
538 1458 610 1525 gessi
626 1457 780 1510 consulibus
797 1457 932 1511 Tuditano

84 1538 114 1587 et
133 1533 261 1601 Cethego,
280 1475 365 1601 3⁴31]
385 1533 495 1600 quidem
513 1533 560 1586 illc
576 1532 723 1587 admodum
740 1548 823 1586 senex
838 1549 931 1586 suasor

84 1608 152 1677 legis
170 1609 278 1663 Cinciae
292 1608 328 1662 de
342 1608 420 1662 donis
432 1612 462 1661 ot
473 1609 631 1662 muneribus
645 1609 704 1663 fuit.
741 1607 795 1662 Hic
813 1611 842 1662 et
859 1608 932 1664 bella

83 1684 199 1752 gerebat
222 1687 254 1737 ut
274 1684 437 1750 adolescens,
459 1701 543 1752 quum
566 1684 647 1751 plane
669 1683 781 1752 grandis
801 1688 883 1750 esset,
901 1689 931 1739 et

85 1760 249 1814 Annibalem
257 1759 417 1829 juveniliter
429 1760 610 1814 exsultantem
623 1760 756 1828 patientia
769 1777 817 1814 sua
829 1760 932 1815 mollic-

83 1835 147 1903 bat;
164 1837 200 1890 de
212 1852 266 1904 quo
277 1837 415 1906 praeclare
426 1836 568 1890 familiaris
579 1839 673 1895 noster
685 1836 803 1892 Ennius:

180 1927 256 1976 Unus
266 1928 339 1975 homo
350 1927 422 1975 nobis
433 1927 574 1976 cunctando
584 1928 694 1976 restitnit
706 1944 767 1987 rem,

180 1990 241 2039 Non
252 1993 317 2040 enim
328 2007 439 2041 rumores
450 1993 558 2056 ponebat
569 1999 628 2041 ante
638 1993 752 2040 salntem.

181 2055 249 2119 Ergo
260 2061 364 2120 postque
375 2058 502 2120 magisque
513 2058 560 2105 riri
570 2073 638 2115 nunc
649 2057 727 2120 gloria
739 2057 821 2106 claret.

86 2146 126 2194 11.
151 2139 300 2196 Tarentum
310 2158 378 2196 vero
388 2159 444 2211 qua
453 2142 600 2211 vigilantia,
614 2159 668 2210 quo
683 2141 794 2196 consilio
810 2142 929 2210 recepit!

84 2234 168 2286 quum
181 2217 292 2287 quidem
303 2235 347 2273 me
357 2218 486 2273 audiente
498 2219 649 2287 Salinatori,
661 2218 708 2288 qni
720 2217 818 2273 amisso
830 2217 932 2287 oppido

84 2293 192 2361 fugerat
203 2295 232 2348 in
243 2310 340 2359 arcem,
355 2295 483 2363 glorianti
495 2298 579 2365 atque
589 2295 630 2349 ita
642 2295 751 2360 dicenti,
764 2295 832 2349 Mea·
839 2311 931 2364 opera,

84 2368 115 2431 Q.
129 2369 204 2437 Fabi,
219 2371 366 2425 Tarentum
383 2372 519 2441 recepisti,
537 2372 629 2440 Certe,
644 2371 734 2441 inquit
748 2371 850 2438 ridens,
868 2387 930 2424 nam

84 2445 134 2496 nisi
154 2447 186 2497 tu
206 2446 349 2512 amisisses,
370 2464 509 2517 nunquam
526 2448 698 2517 recepissem.
738 2447 763 2500 N
767 2464 798 2501 ec
818 2463 882 2501 vero
902 2446 930 2498 in

83 2519 168 2570 arinis
188 2521 372 2587 praestantior
392 2539 475 2590 quani
494 2524 522 2575 in
540 2526 613 2591 toga,
637 2524 684 2592 qui
708 2522 800 2576 consul
822 2522 931 2587 iterum,

84 2594 129 2661 Sp.
153 2592 270 2647 Carvilio
293 2595 397 2662 collega
419 2599 584 2665 quiescente,
608 2598 638 2652 C.
663 2597 798 2651 Flaminio
821 2595 931 2649 tribuno

82 2667 172 2737 plebis
189 2669 281 2736 quoad
299 2671 390 2737 potuit
407 2672 511 2726 restitit
529 2688 626 2740 agrum
645 2671 785 2726 Picentem
803 2674 832 2725 et
850 2671 932 2725 Galli-

84 2761 145 2798 cum
171 2745 274 2801 viritim
301 2752 396 2802 contra
420 2749 538 2802 Sonabrs
562 2747 753 2802 auctoritatem
779 2748 931 2813 dividenti;

84 2838 225 2890 augurque
237 2839 322 2890 quum
334 2827 413 2887 esset,
426 2824 518 2879 dicero
530 2841 612 2878 ausus
624 2828 667 2878 est
682 2825 793 2893 optimis
804 2823 932 2894 auspiciis

83 2913 117 2950 ea
134 2897 195 2963 geri
214 2913 285 2967 quae
303 2915 354 2968 pro
369 2900 409 2954 rei
426 2899 551 2967 publicae
569 2900 658 2965 salute
673 2903 841 2969 gererentur,
861 2915 932 2968 quao

66 2973 166 3020 eontra
177 2973 389 3040 rempublicam
402 2976 546 3032 ferrentur
558 2980 654 3033 eontra
662 2976 783 3046 auspicia
792 2971 876 3032 ierril
892 2981 925 3029 la

47 3033 145 3146 ff&
154 3041 187 3091 1'11
197 3060 234 3097 eo
248 3047 309 3103 rr'ro
317 3053 470 3119 praeclara
482 3056 610 3128 cognovi,
624 3054 678 3111 sed
687 3054 760 3110 niliil
770 3056 818 3109 est
827 3051 938 3107 admira

38 3113 122 3155 ‘¹¹¹⁸
132 3125 224 3176 qnam
236 3129 391 3192 ‘1¹1⁰1110do
406 3133 463 3191 illc
483 3140 613 3195 mortem
631 3135 688 3195 filii
698 3132 771 3192 tulit
781 3124 948 3190 clariana
