2084 3404
121 112 153 162 22
348 109 386 160 M.
404 109 533 160 TULLII
551 108 742 160 CICERONIS
833 122 838 129 ·

120 190 214 245 ruisse.
251 196 293 244 65.
320 192 360 243 At
374 194 438 244 sunt
451 191 551 244 morosi
568 194 597 244 et
609 190 682 244 anxii
698 193 728 244 et
741 191 864 245 iracundi
876 196 905 246 et
917 191 967 246 dit·

30 319 31 322 ,
120 265 203 318 ficiles
218 282 303 320 senes.
340 267 369 320 si
384 268 546 334 quaerimus,
562 266 645 319 etiam
660 266 747 321 avari:
765 267 814 320 sed
830 267 897 321 haec
912 286 967 322 mo

118 355 180 393 rum
194 341 262 394 vitia
278 345 342 394 sunt
355 358 408 394 non
423 341 577 395 senectutis.
616 341 659 395 Ac
673 341 816 396 morositas
830 347 922 397 tamen
940 348 971 400 et

118 433 152 469 en
162 417 229 470 sitia
241 434 311 485 quse
324 417 382 469 dixi
394 416 497 469 habent
512 416 616 484 aliquid
629 418 818 486 excusationis,
831 435 885 472 non
897 420 969 474 illius

119 494 229 562 quidem
244 494 338 561 justae
356 492 405 546 sed
423 507 494 559 quae
519 492 629 558 probari
647 509 727 560 posse
745 494 885 549 videatur:
910 513 972 550 con*

117 571 204 625 temni
216 588 245 623 se
257 573 362 638 putant,
375 567 485 635 despici,
497 566 589 621 illudi:
609 573 754 638 praetereo
767 570 796 623 in
809 570 900 639 fragili
912 589 964 626 cor·

117 661 184 713 pore
196 646 289 698 odiosa
300 644 386 698 omnis
399 643 510 696 offensio
522 647 572 698 est
614 645 690 709 Quae
703 649 797 702 tamen
809 648 899 701 omnia
911 649 969 702 dul-

118 722 190 773 ciora
208 721 277 773 fiunt
294 723 322 773 ct
342 719 462 772 moribus
481 719 559 772 bonis
575 725 605 774 et
624 721 838 795 artibus;idque
850 740 933 794 quum
942 725 968 777 in

117 796 247 850 vitatum
261 796 289 848 in
305 811 384 848 scena
397 795 513 861 intelligi
528 799 620 864 potest
635 797 715 848 exiis
731 798 862 851 iratribus
871 801 925 867 ,qui
940 801 968 852 in

118 871 251 940 Adelphis
270 876 339 926 sunt.
378 871 486 936 Quanta
502 871 531 923 in
547 871 633 924 altero
649 870 761 938 duritas,
781 873 809 924 in
824 873 911 928 altero
926 892 968 928 cc

101 947 211 1002 mites!
250 949 293 1001 Sic
308 965 337 1002 se
350 965 394 1002 res
405 947 504 1012 hcbet;
521 946 554 999 int
569 947 641 999 enim
655 963 710 998 non
724 963 803 1000 omne
816 949 915 1016 vinum,
929 952 968 1005 sic

115 1039 169 1077 non
190 1025 276 1077 omnis
300 1028 375 1078 cetos
395 1025 532 1077 vetustate
554 1023 694 1076 coacescit.
733 1023 915 1077 Severitatem
939 1028 967 1080 in

116 1103 256 1154 senectute
275 1099 368 1170 probo,
388 1099 515 1153 sedeam
535 1098 677 1152 sicut‘alio
695 1098 845 1164 modiosm;
866 1101 967 1155 acerbi-

115 1177 203 1229 tatem
217 1177 291 1230 nullo
305 1176 392 1230 modo.
429 1175 556 1229 Avaritia
567 1190 632 1228 vero
647 1175 738 1251 senilis
751 1175 818 1242 quid
834 1175 885 1229 sibi
901 1178 966 1231 velit

114 1267 169 1305 non
187 1252 316 1321 intelligo.
359 1253 456 1306 Potest
480 1252 552 1305 enim
571 1251 721 1320 quidquem
741 1268 801 1305 esse
822 1251 966 1306 absurdius

116 1343 198 1396 quem
211 1345 264 1396 quo
276 1330 365 1382 minus
377 1330 437 1382 viee
448 1331 536 1382 restat
548 1343 580 1380 eo
592 1327 756 1394 picenatici
770 1330 918 1395 quaereret

167 1402 246 1455 XIX.
281 1411 322 1458 66.
340 1403 444 1468 Quarta
455 1406 544 1455 restat
555 1418 637 1454 conso
650 1418 720 1468 quae
732 1403 850 1454 maxime
864 1418 964 1469 angere

115 1479 199 1544 etque
211 1477 353 1530 sollicitam
365 1477 466 1530 hebere
478 1481 599 1528 nostram
608 1478 730 1528 netntem
739 1474 856 1543 videtur,
867 1493 964 1544 appro-

115 1551 256 1619 pinquatio
280 1551 384 1618 mortis,
406 1567 476 1619 quae
500 1553 576 1604 certe
598 1567 615 1603 a
640 1553 780 1603 senectute
799 1566 853 1603 non
871 1555 970 1620 potest.

115 1626 194 1695 longe
213 1626 316 1681 abesse.
354 1626 377 1679 0
397 1626 526 1679 miserum
545 1642 637 1679 senem
651 1625 698 1694 qui
710 1630 826 1680 mortem
845 1631 964 1680 contem-

115 1702 233 1755 nendam
245 1719 305 1757 esse
317 1702 345 1755 in
357 1705 415 1755 tom
427 1702 507 1769 longo
524 1703 615 1754 aetate
628 1718 682 1755 non
693 1701 808 1755 viderit!
829 1718 899 1769 quae
917 1707 965 1757 eut

115 1778 195 1845 plane'
205 1776 369 1846 negligenda
381 1780 430 1844 est,
444 1777 466 1830 si
479 1775 588 1830 omnino
600 1776 751 1843 exstinguit
769 1777 896 1846 animum,
917 1783 965 1832 aut
1030 1774 1032 1779 ’

62 1854 64 1857 ’
115 1854 199 1906 otiam
218 1853 344 1922 optanda,
366 1853 388 1906 si
409 1852 500 1921 aliquo
520 1868 582 1906 eum
602 1852 714 1906 deducit
733 1852 781 1906 ubi
801 1853 839 1907 sit
856 1854 965 1908 futurus

32 1957 37 1963 -
115 1932 251 1983 aeternus.
288 1929 375 1997 Atqui
400 1930 514 1983 tertium
538 1932 613 1982 certe
637 1928 705 1981 nihil
730 1929 846 1983 inveniri
866 1934 965 1998 potest.

116 2008 157 2060 67.
183 2004 256 2069 Quid
267 2005 352 2073 igitur
363 2005 482 2072 timeam,
500 2004 523 2057 si
541 2008 660 2057 autnon
677 2004 761 2058 misor
773 2009 964 2073 postmortem

45 2100 47 2104 ·
114 2083 164 2132 eut
180 2079 278 2134 beatus
295 2080 378 2134 etium
400 2081 509 2134 futurus
532 2082 611 2134 sumi
651 2079 821 2147 Quamquam
842 2080 903 2148 quis
921 2085 986 2148 est·

115 2158 172 2209 tam
190 2157 297 2224 stultus,
315 2157 438 2225 quemvis
455 2157 492 2210 sit
510 2156 674 2224 adolescens,
687 2156 730 2209 oui
744 2156 780 2209 sit
793 2156 964 2224 exploratum

115 2248 145 2285 se
163 2232 200 2285 ed
217 2249 361 2302 vesperum
380 2249 440 2286 esse
458 2233 611 2286 victuruml
649 2231 816 2296 Quinetiam
830 2231 965 2285 oetasillo

114 2308 200 2363 multo
217 2309 310 2377 pbrrcs
326 2325 408 2378 quum
425 2313 519 2363 nostra
536 2309 632 2364 mortis
652 2324 729 2362 ossus
743 2305 841 2374 habet3
859 2307 964 2361 facilius

114 2383 143 2435 in
168 2383 277 2438 morbos
301 2385 424 2438 incidunt
446 2385 646 2451 adolescentem
673 2383 782 2453 gravius
807 2387 965 2452 aegrotent3

115 2458 221 2512 tristius
246 2465 382 2514 curentur.
427 2461 526 2530 Itaque
550 2462 629 2531 pauci
648 2460 761 2514 veniunt
783 2461 819 2514 ed
843 2462 965 2513 senectu-

114 2535 181 2584 tem.
198 2535 277 2600 Quod
288 2536 315 2587 ni
327 2536 367 2588 ita
382 2536 526 2603 accideret,
546 2537 643 2590 melius
664 2540 693 2589 ct
710 2535 873 2605 prudentius
894 2533 966 2586 vive

114 2611 191 2660 retur
198 2625 206 2672 ;
234 2621 311 2660 mens
346 2611 419 2662 enim
441 2613 470 2664 et
486 2612 557 2664 ratio
583 2615 613 2664 et
635 2610 782 2664 consilium
799 2610 828 2662 in
854 2606 965 2661 senibus

114 2685 164 2749 est,
178 2683 225 2751 qui
242 2684 265 2735 si
281 2683 349 2736 nulli
364 2684 487 2753 fuissent,
499 2685 590 2738 nullae
602 2685 711 2737 omnino
727 2684 853 2737 civitates
866 2685 963 2736 essent.

115 2757 170 2811 Sed
192 2758 276 2812 redeo
297 2760 334 2812 ed
350 2763 467 2814 mortem
489 2760 700 2828 impendentem.
739 2758 818 2823 Quod
835 2757 903 2810 illud
922 2761 965 2811 est

114 2834 216 2888 crimen
229 2836 384 2903 senectutis,
397 2853 481 2905 quum
493 2836 562 2889 illud
574 2834 693 2889 videatis
705 2850 767 2888 cum
780 2833 964 2887 adolescentie

115 2927 174 2964 esse
192 2913 349 2966 commune?
394 2918 435 2967 68.
462 2911 539 2966 Sensi
557 2926 608 2979 ego
625 2925 710 2978 quum
726 2909 756 2964 in
777 2909 880 2978 optimo
908 2907 963 2960 filio

98 2997 170 3046 meo,
199 2990 260 3038 tum
284 2987 313 3040 in
341 2987 510 3058 exspectetis
533 2986 570 3042 sd
587 2985 780 3056 amplissimam
799 2983 962 3052 dignitatem

79 3049 228 3109 fratribus
249 3062 312 3128 tuis,
333 3065 437 3136 Scipio,
456 3069 582 3122 mortem
595 3063 672 3120 omni
682 3061 971 3126 eetstiesseeommu-
1025 3060 1028 3063 ’

62 3130 143 3176 ⁰⁶⁰²
183 3131 234 3186 A&
244 3143 538 3202 meracaddeseens
558 3143 613 3201 diu
627 3144 663 3200 se
676 3141 831 3204 uicturum,
838 3132 919 3202 quob
925 3143 990 3193 tw·
