2084 3404
310 136 475 185 LAELIUS.
511 137 588 184 CAP.
607 135 700 184 XVII.
810 126 813 132 ¹
928 136 958 189 47

112 215 211 286 disque
228 216 375 270 amicorum
400 229 512 270 necesse
539 214 593 270 erit
618 216 687 282 angi,
709 216 808 284 dolere,
828 219 957 275 invidere.

112 299 152 346 60.
182 292 273 356 Quare
296 291 347 343 hoc
372 292 483 358 quidem
506 295 682 360 praeceptum
708 294 892 364 cujuscunque
914 305 957 351 est

111 368 147 421 ad
165 367 315 422 tollendam
336 367 481 419 amicitiam
503 367 583 420 valet.
620 368 693 421 Illud
714 372 805 437 potius
825 374 955 442 praeeipi-

111 444 213 504 endum
224 442 283 508 fuit,
296 444 328 494 ut
339 458 400 494 eam
412 442 581 509 diligentiam
593 443 784 498 adhiberemus
794 447 821 498 in
831 449 956 504 amicitiis
1011 460 1012 464 ’

110 518 298 587 comparandis
321 521 354 571 ut
376 535 410 570 ne
434 517 543 586 quando
570 536 661 572 amare
689 521 867 590 inciperemus
893 541 955 578 eum

110 611 191 662 quern
205 593 350 662 aliquando
363 594 452 647 odisse
464 612 612 663 possemus.
650 597 720 660 Quin
733 598 815 651 etiam
828 599 851 651 si
865 599 955 653 minus

109 670 202 723 felices
215 671 242 722 iu
255 670 399 738 deligendo
411 670 562 738 fuissemus,
575 674 718 726 ferendum
727 674 756 727 id
767 674 856 744 Scipio
864 676 956 744 potius

110 762 192 813 quarn
204 746 405 800 inimicitiarum
417 745 525 815 teinpus
538 749 711 816 cogitandum
720 750 844 820 putabat.

162 822 258 875 XVII.
296 829 336 877 61.
368 823 420 876 His
432 824 516 890 igitur
529 825 628 878 finibus
640 827 772 879 utendum
785 827 910 895 arbitror,
923 833 956 881 ut

109 916 192 967 quum
213 900 351 954 emendati
371 917 460 954 mores
484 902 631 955 amicorum
656 903 716 968 sint,
741 907 800 957 tum
824 904 860 957 sit
884 905 956 971 inter

109 992 154 1027 eos
172 978 291 1029 omnium
308 994 408 1043 rerum,
429 978 608 1045 consiliorum,
631 979 799 1032 voluntatum
821 980 879 1032 sinc
899 980 955 1032 ulla

108 1051 266 1120 exceptione
284 1054 469 1120 communitas,
487 1058 520 1107 ut
538 1055 628 1119 etiam,
647 1054 669 1105 si
688 1071 742 1122 qua
759 1055 872 1115 fortuna*
887 1056 955 1109 acci-

108 1125 180 1180 derit
194 1131 226 1180 ut
239 1129 329 1180 minus
340 1128 433 1196 justae
448 1131 595 1182 amicorum
612 1130 766 1183 voluntates
782 1130 954 1198 adjuvandae

107 1202 163 1255 sint
189 1202 217 1254 in
242 1203 341 1270 quibus
367 1219 459 1256 eorum
486 1208 534 1257 aut
560 1209 642 1272 eaput
672 1209 769 1272 agatur
798 1208 846 1257 aut
875 1203 954 1272 lama,
1012 1246 1014 1250 Α

107 1277 298 1339 declinandum
322 1278 359 1331 sit
383 1279 417 1331 de
441 1280 491 1345 ria,
516 1281 596 1333 modo
621 1298 655 1334 ne
680 1297 785 1334 summa
811 1283 954 1349 turpitudo

106 1357 251 1422 sequatur:
264 1358 307 1407 cst
318 1354 390 1408 enim
403 1360 537 1422 quatenus
550 1357 685 1411 arriicitiae
698 1356 759 1410 dari
771 1356 850 1410 venia
860 1359 954 1425 possit,

106 1430 132 1482 N
134 1447 165 1482 ee
181 1447 245 1483 vero
261 1430 425 1498 negligenda
440 1436 484 1486 cst
499 1433 577 1499 fania,
594 1449 645 1486 nec
662 1432 798 1487 mediocre
816 1432 901 1487 telum
917 1435 954 1486 ad

105 1523 149 1558 res
165 1506 300 1572 gerendas
316 1507 472 1562 existimare
489 1508 598 1576 dportet
613 1508 830 1563 benevolentiam
848 1510 953 1574 civium,

105 1598 186 1648 quum
198 1582 338 1636 blanditiis
351 1587 380 1636 et
391 1585 554 1639 assentando
567 1584 693 1654 colligere
705 1588 786 1653 turpe
796 1586 854 1648 est;
865 1585 952 1638 virtus

105 1664 186 1724 quam
198 1660 323 1726 sequitur
335 1661 433 1714 caritas
446 1661 557 1714 minime
569 1660 738 1729 repudianda
750 1664 801 1713 est.
823 1679 825 1683 ’
838 1667 877 1714 62.
898 1661 952 1714 Sed

105 1749 185 1802 saepe
195 1736 265 1787 enim
279 1735 362 1788 redeo
375 1736 411 1788 ad
426 1737 579 1805 Scipionem
594 1736 672 1804 eujus
687 1737 773 1789 omnis
788 1752 877 1788 sermo
892 1743 952 1788 crat

104 1808 139 1861 de
152 1810 276 1877 amicitia,
289 1812 458 1878 querebatur
470 1813 543 1880 quod
555 1812 680 1864 omnibus
692 1814 720 1865 in
733 1812 816 1864 rebus
829 1810 952 1864 homines

58 1896 65 1908 ·
104 1883 290 1950 diligentiores
319 1892 427 1951 essent;
457 1904 551 1955 capras
581 1890 610 1940 et
639 1904 703 1940 oves
735 1890 818 1955 quot·
835 1888 951 1955 quisque

102 1958 218 2012 haberet
235 1960 327 2014 dicere
345 1979 432 2029 posse,
457 1963 557 2015 amicos
578 1966 644 2030 quot
662 1963 776 2016 haberet
797 1961 962 2031 nonj'posse·

102 2033 212 2101 dicere3
228 2040 257 2090 et
273 2037 301 2089 in
317 2037 371 2091 illis
387 2039 498 2107 quidem
515 2039 642 2107 parandis
659 2038 789 2092 adhibere
806 2056 905 2106 euram,
923 2039 950 2092 in

102 2111 194 2165 amicis
206 2113 339 2180 eligendis
351 2116 521 2183 negligentes
534 2132 593 2168 esso
604 2131 653 2167 nee
666 2113 767 2167 habere
782 2115 859 2182 quasi
874 2115 951 2181 signa

103 2187 236 2255 quaedam
253 2191 281 2242 et
296 2193 376 2243 notas
393 2191 492 2258 quibus
511 2207 556 2242 eos
575 2190 622 2257 qui
640 2189 676 2241 ad
694 2189 841 2242 amicitiam
859 2193 950 2242 essent

101 2262 193 2314 idonei
214 2263 379 2331 judicarent.
416 2266 485 2318 Sunt
511 2265 595 2331 igitur
621 2266 691 2317 firmi
721 2269 750 2317 et
780 2265 892 2317 stabiles
922 2272 950 2318 et

102 2341 258 2391 constantes
270 2339 396 2407 eligendi,
409 2341 486 2409 eujus
498 2343 606 2407 generis
619 2343 661 2392 est
673 2356 771 2406 magna
783 2341 903 2406 penuria,
921 2345 950 2394 et

98 2413 224 2481 judicare
239 2414 348 2467 difficile
364 2420 407 2468 est
424 2432 488 2469 sane
504 2416 556 2468 nisi
574 2418 735 2482 expertum3
753 2415 948 2482 experiendum

101 2494 145 2542 est
169 2491 261 2542 autem
284 2489 313 2542 in
336 2490 396 2558 ipsa
420 2491 554 2556 amicitia;
588 2491 629 2544 ita
651 2490 804 2559 praecurrit
830 2492 950 2546 amicitia

98 2564 231 2632 judicium
264 2565 392 2634 tollitque
425 2567 583 2636 experiendi
616 2570 788 2634 potestatem.
833 2573 884 2621 63..
899 2568 948 2621 Est

100 2641 185 2709 igitur
210 2643 354 2711 prudentis
383 2643 518 2698 sustinere
547 2647 579 2704 ut
608 2660 718 2697 currum
747 2644 786 2697 sic
814 2644 948 2711 impetum

100 2716 312 2784 benevolentiae,
337 2736 391 2788 quo
414 2723 525 2773 utamur
551 2720 630 2789 quasi
656 2720 733 2787 equis
760 2720 882 2786 tentatis,

100 2794 233 2861 amicitiis,
254 2795 345 2863 aliqua
365 2800 445 2863 parte
465 2796 627 2864 periclitatis
646 2795 768 2848 moribus
792 2796 877 2847 amico

101 2870 218 2933 Quidam
241 2886 323 2940 saepo
347 2872 375 2924 in
398 2889 482 2940 parva
500 2873 615 2941 pecunia
639 2872 841 2940 perspiciuntur
864 2885 883 2937 q

100 2946 155 2999 sint
167 2945 256 3000 leves:
279 2947 391 3015 quidam
404 2947 527 3018 [ειιιὺθιη]ἱ
537 2965 605 3017 quos
617 2964 704 3014 parra
712 2961 828 3025 mouere
834 2946 899 3024 sm<
908 2944 914 2957 ''

100 3021 159 3088 tuit,
175 3027 376 3091 cognoscuntur
392 3025 424 3080 iu
440 3042 553 3095 magna
585 3024 643 3077 Sin
658 3020 747 3104 erneis
760 3015 859 3089 &Q
867 3024 907 3054 xe

89 3097 140 3163 qui
153 3102 305 3166 pecuniam
319 3104 472 3176 praeferre
486 3100 640 3160 amrelmo
652 3092 729 3149 sota
769 3148 772 3153 .

82 3170 133 3226 ubl
150 3190 203 3232 eos
220 3177 410 3240 inveniemus
432 3185 486 3258 qui
504 3182 656 3244 honores,
667 3184 721 3224 m
