<?xml version="1.0" encoding="UTF-8"?>
<!DOCTYPE html PUBLIC "-//W3C//DTD XHTML 1.0 Transitional//EN"
    "http://www.w3.org/TR/xhtml1/DTD/xhtml1-transitional.dtd">
<html xmlns="http://www.w3.org/1999/xhtml" xml:lang="en" lang="en">
 <head>
  <title>
</title>
<meta http-equiv="Content-Type" content="text/html;charset=utf-8" />
  <meta name='ocr-system' content='tesseract 3.04.00' />
  <meta name='ocr-capabilities' content='ocr_page ocr_carea ocr_par ocr_line ocrx_word'/>
</head>
<body>
  <div class='ocr_page' id='page_1' title='image "./catomajorsivede01cicegoog_0062.png"; bbox 0 0 2084 3404; ppageno 0'>
   <div class='ocr_carea' id='block_1_1' title="bbox 302 120 952 170">
    <p class='ocr_par' dir='ltr' id='par_1_1' title="bbox 302 120 952 170">
     <span class='ocr_line' id='line_1_1' title="bbox 302 120 952 170; baseline 0.003 -2"><span class='ocrx_word' id='word_1_1' title='bbox 302 121 467 168; x_wconf 71' lang='lat' dir='ltr'>LAIlLlUS.</span> <span class='ocrx_word' id='word_1_2' title='bbox 503 120 580 170; x_wconf 77' lang='lat' dir='ltr'>OAP.</span> <span class='ocrx_word' id='word_1_3' title='bbox 599 122 662 170; x_wconf 85' lang='lat' dir='ltr'>XX.</span> <span class='ocrx_word' id='word_1_4' title='bbox 681 121 761 170; x_wconf 87' lang='lat' dir='ltr'>XXI.</span> <span class='ocrx_word' id='word_1_5' title='bbox 923 124 952 169; x_wconf 78' lang='lat'>51</span> 
     </span>
    </p>
   </div>
   <div class='ocr_carea' id='block_1_2' title="bbox 42 199 1019 3149">
    <p class='ocr_par' dir='ltr' id='par_1_2' title="bbox 102 199 1019 649">
     <span class='ocr_line' id='line_1_2' title="bbox 103 199 954 270; baseline -0.004 -15"><span class='ocrx_word' id='word_1_6' title='bbox 103 217 236 270; x_wconf 81' lang='lat' dir='ltr'>omrmque</span> <span class='ocrx_word' id='word_1_7' title='bbox 248 200 389 254; x_wconf 79' lang='lat' dir='ltr'>distantia.</span> <span class='ocrx_word' id='word_1_8' title='bbox 410 203 465 261; x_wconf 66' lang='lat'>75.</span> <span class='ocrx_word' id='word_1_9' title='bbox 484 199 571 254; x_wconf 90' lang='lat' dir='ltr'>Recte</span> <span class='ocrx_word' id='word_1_10' title='bbox 586 201 670 255; x_wconf 88' lang='lat' dir='ltr'>etiam</span> <span class='ocrx_word' id='word_1_11' title='bbox 683 200 804 270; x_wconf 78' lang='lat' dir='ltr'>praecipi</span> <span class='ocrx_word' id='word_1_12' title='bbox 818 204 912 269; x_wconf 87' lang='lat' dir='ltr'>potest</span> <span class='ocrx_word' id='word_1_13' title='bbox 927 200 954 252; x_wconf 89' lang='lat' dir='ltr'>in</span> 
     </span>
     <span class='ocr_line' id='line_1_3' title="bbox 103 276 955 345; baseline -0.004 -14"><span class='ocrx_word' id='word_1_14' title='bbox 103 277 230 331; x_wconf 80' lang='lat' dir='ltr'>amicitiis</span> <span class='ocrx_word' id='word_1_15' title='bbox 250 294 285 330; x_wconf 90' lang='lat' dir='ltr'>ne</span> <span class='ocrx_word' id='word_1_16' title='bbox 305 277 488 343; x_wconf 89' lang='lat' dir='ltr'>intemperata</span> <span class='ocrx_word' id='word_1_17' title='bbox 499 277 645 344; x_wconf 77' lang='lat' dir='ltr'>¹quaedam</span> <span class='ocrx_word' id='word_1_18' title='bbox 655 277 865 342; x_wconf 77' lang='lat' dir='ltr'>·benevolentia·</span> <span class='ocrx_word' id='word_1_19' title='bbox 879 276 955 345; x_wconf 89' lang='lat' dir='ltr'>qnod</span> 
     </span>
     <span class='ocr_line' id='line_1_4' title="bbox 103 352 955 424; baseline 0 -18"><span class='ocrx_word' id='word_1_20' title='bbox 103 371 233 424; x_wconf 73' lang='lat' dir='ltr'>persaepe</span> <span class='ocrx_word' id='word_1_21' title='bbox 245 354 285 421; x_wconf 86' lang='lat' dir='ltr'>iit,</span> <span class='ocrx_word' id='word_1_22' title='bbox 296 352 429 420; x_wconf 90' lang='lat' dir='ltr'>impediat</span> <span class='ocrx_word' id='word_1_23' title='bbox 438 369 548 420; x_wconf 83' lang='lat' dir='ltr'>magnas</span> <span class='ocrx_word' id='word_1_24' title='bbox 557 354 693 408; x_wconf 86' lang='lat' dir='ltr'>utilitates</span> <span class='ocrx_word' id='word_1_25' title='bbox 703 355 858 407; x_wconf 81' lang='lat' dir='ltr'>airricorum.</span> <span class='ocrx_word' id='word_1_26' title='bbox 895 353 920 405; x_wconf 84' lang='lat' dir='ltr'>N</span> <span class='ocrx_word' id='word_1_27' title='bbox 924 369 955 406; x_wconf 89' lang='lat' dir='ltr'>ec</span> 
     </span>
     <span class='ocr_line' id='line_1_5' title="bbox 103 427 955 496; baseline -0.001 -15"><span class='ocrx_word' id='word_1_28' title='bbox 103 430 183 496; x_wconf 90' lang='lat' dir='ltr'>enim,</span> <span class='ocrx_word' id='word_1_29' title='bbox 195 432 227 482; x_wconf 93' lang='lat' dir='ltr'>ut</span> <span class='ocrx_word' id='word_1_30' title='bbox 239 429 274 481; x_wconf 88' lang='lat' dir='ltr'>ad</span> <span class='ocrx_word' id='word_1_31' title='bbox 286 428 391 480; x_wconf 87' lang='lat' dir='ltr'>fabulas</span> <span class='ocrx_word' id='word_1_32' title='bbox 401 427 519 494; x_wconf 82' lang='lat' dir='ltr'>redeam,</span> <span class='ocrx_word' id='word_1_33' title='bbox 529 427 639 495; x_wconf 85' lang='lat' dir='ltr'>Trojam</span> <span class='ocrx_word' id='word_1_34' title='bbox 649 428 847 496; x_wconf 81' lang='lat' dir='ltr'>Neoptolemus</span> <span class='ocrx_word' id='word_1_35' title='bbox 856 444 955 496; x_wconf 84' lang='lat' dir='ltr'>capere</span> 
     </span>
     <span class='ocr_line' id='line_1_6' title="bbox 103 503 1019 573; baseline -0.002 -15"><span class='ocrx_word' id='word_1_36' title='bbox 103 506 244 572; x_wconf 84' lang='lat' dir='ltr'>potuisset,</span> <span class='ocrx_word' id='word_1_37' title='bbox 269 505 292 558; x_wconf 92' lang='lat' dir='ltr'>si</span> <span class='ocrx_word' id='word_1_38' title='bbox 316 503 496 571; x_wconf 79' lang='lat' dir='ltr'>Lycomedem</span> <span class='ocrx_word' id='word_1_39' title='bbox 519 504 593 572; x_wconf 88' lang='lat' dir='ltr'>apud</span> <span class='ocrx_word' id='word_1_40' title='bbox 619 521 701 573; x_wconf 92' lang='lat' dir='ltr'>quem</span> <span class='ocrx_word' id='word_1_41' title='bbox 727 507 788 558; x_wconf 92' lang='lat' dir='ltr'>erat</span> <span class='ocrx_word' id='word_1_42' title='bbox 814 504 954 570; x_wconf 85' lang='lat' dir='ltr'>educatus,</span> <span class='ocrx_word' id='word_1_43' title='bbox 1016 539 1019 544; x_wconf 90' lang='lat'>-</span> 
     </span>
     <span class='ocr_line' id='line_1_7' title="bbox 102 579 954 649; baseline -0.002 -17"><span class='ocrx_word' id='word_1_44' title='bbox 102 580 197 633; x_wconf 93' lang='lat' dir='ltr'>multis</span> <span class='ocrx_word' id='word_1_45' title='bbox 220 597 281 633; x_wconf 91' lang='lat' dir='ltr'>cum</span> <span class='ocrx_word' id='word_1_46' title='bbox 305 579 423 633; x_wconf 87' lang='lat' dir='ltr'>lacrimis</span> <span class='ocrx_word' id='word_1_47' title='bbox 446 579 500 633; x_wconf 90' lang='lat' dir='ltr'>iter</span> <span class='ocrx_word' id='word_1_48' title='bbox 523 597 602 639; x_wconf 89' lang='lat' dir='ltr'>suum</span> <span class='ocrx_word' id='word_1_49' title='bbox 629 580 832 649; x_wconf 85' lang='lat' dir='ltr'>impedientem,</span> <span class='ocrx_word' id='word_1_50' title='bbox 859 579 954 632; x_wconf 88' lang='lat' dir='ltr'>audire</span> 
     </span>
    </p>

    <p class='ocr_par' dir='ltr' id='par_1_3' title="bbox 42 655 954 724">
     <span class='ocr_line' id='line_1_8' title="bbox 42 655 954 724; baseline -0.003 -13"><span class='ocrx_word' id='word_1_51' title='bbox 42 705 45 711; x_wconf 81' lang='grc'>,</span> <span class='ocrx_word' id='word_1_52' title='bbox 103 659 248 722; x_wconf 84' lang='lat' dir='ltr'>voluisset3</span> <span class='ocrx_word' id='word_1_53' title='bbox 260 662 289 711; x_wconf 91' lang='lat' dir='ltr'>et</span> <span class='ocrx_word' id='word_1_54' title='bbox 302 673 382 724; x_wconf 87' lang='lat' dir='ltr'>saepe</span> <span class='ocrx_word' id='word_1_55' title='bbox 394 656 518 710; x_wconf 91' lang='lat' dir='ltr'>incidunt</span> <span class='ocrx_word' id='word_1_56' title='bbox 531 673 647 723; x_wconf 82' lang='lat' dir='ltr'>magnae</span> <span class='ocrx_word' id='word_1_57' title='bbox 659 673 704 709; x_wconf 90' lang='lat' dir='ltr'>res</span> <span class='ocrx_word' id='word_1_58' title='bbox 715 659 747 709; x_wconf 92' lang='lat' dir='ltr'>ut</span> <span class='ocrx_word' id='word_1_59' title='bbox 757 655 954 708; x_wconf 88' lang='lat' dir='ltr'>discedendum</span> 
     </span>
    </p>

    <p class='ocr_par' dir='ltr' id='par_1_4' title="bbox 44 731 954 1105">
     <span class='ocr_line' id='line_1_9' title="bbox 44 731 953 802; baseline -0.002 -16"><span class='ocrx_word' id='word_1_60' title='bbox 44 793 47 800; x_wconf 49' lang='grc'><em>,</em></span> <span class='ocrx_word' id='word_1_61' title='bbox 103 735 140 787; x_wconf 85' lang='lat' dir='ltr'>sit</span> <span class='ocrx_word' id='word_1_62' title='bbox 151 734 187 788; x_wconf 91' lang='lat' dir='ltr'>ab</span> <span class='ocrx_word' id='word_1_63' title='bbox 199 733 293 787; x_wconf 89' lang='lat' dir='ltr'>amicis</span> <span class='ocrx_word' id='word_1_64' title='bbox 303 753 309 787; x_wconf 70' lang='grc' dir='ltr'><strong><em>ε</em></strong></span> <span class='ocrx_word' id='word_1_65' title='bbox 321 749 390 802; x_wconf 88' lang='lat' dir='ltr'>quas</span> <span class='ocrx_word' id='word_1_66' title='bbox 402 732 449 800; x_wconf 91' lang='lat' dir='ltr'>qui</span> <span class='ocrx_word' id='word_1_67' title='bbox 461 732 596 800; x_wconf 87' lang='lat' dir='ltr'>impedire</span> <span class='ocrx_word' id='word_1_68' title='bbox 611 732 678 800; x_wconf 89' lang='lat' dir='ltr'>vult,</span> <span class='ocrx_word' id='word_1_69' title='bbox 695 732 769 801; x_wconf 90' lang='lat' dir='ltr'>quod</span> <span class='ocrx_word' id='word_1_70' title='bbox 787 731 953 785; x_wconf 87' lang='lat' dir='ltr'>desiderium</span> 
     </span>
     <span class='ocr_line' id='line_1_10' title="bbox 103 807 954 877; baseline -0.001 -16"><span class='ocrx_word' id='word_1_71' title='bbox 103 821 155 862; x_wconf 91' lang='lat' dir='ltr'>non</span> <span class='ocrx_word' id='word_1_72' title='bbox 171 809 251 862; x_wconf 85' lang='lat' dir='ltr'>facile</span> <span class='ocrx_word' id='word_1_73' title='bbox 266 809 345 875; x_wconf 86' lang='lat' dir='ltr'>ferat,</span> <span class='ocrx_word' id='word_1_74' title='bbox 362 808 386 861; x_wconf 90' lang='lat' dir='ltr'>is</span> <span class='ocrx_word' id='word_1_75' title='bbox 402 812 431 861; x_wconf 93' lang='lat' dir='ltr'>et</span> <span class='ocrx_word' id='word_1_76' title='bbox 447 807 570 861; x_wconf 86' lang='lat' dir='ltr'>infirmus</span> <span class='ocrx_word' id='word_1_77' title='bbox 587 811 629 862; x_wconf 91' lang='lat' dir='ltr'>est</span> <span class='ocrx_word' id='word_1_78' title='bbox 645 809 790 877; x_wconf 88' lang='lat' dir='ltr'>mollisque</span> <span class='ocrx_word' id='word_1_79' title='bbox 807 811 906 862; x_wconf 87' lang='lat' dir='ltr'>natura</span> <span class='ocrx_word' id='word_1_80' title='bbox 924 811 954 860; x_wconf 89' lang='lat' dir='ltr'>ct</span> 
     </span>
     <span class='ocr_line' id='line_1_11' title="bbox 103 883 953 953; baseline -0.002 -16"><span class='ocrx_word' id='word_1_81' title='bbox 103 884 217 938; x_wconf 90' lang='lat' dir='ltr'>obeam</span> <span class='ocrx_word' id='word_1_82' title='bbox 237 885 324 953; x_wconf 89' lang='lat' dir='ltr'>ipsam</span> <span class='ocrx_word' id='word_1_83' title='bbox 345 900 452 938; x_wconf 82' lang='lat' dir='ltr'>causam</span> <span class='ocrx_word' id='word_1_84' title='bbox 473 883 501 936; x_wconf 90' lang='lat' dir='ltr'>in</span> <span class='ocrx_word' id='word_1_85' title='bbox 522 885 643 938; x_wconf 88' lang='lat' dir='ltr'>amicitia</span> <span class='ocrx_word' id='word_1_86' title='bbox 663 901 759 953; x_wconf 89' lang='lat' dir='ltr'>parum</span> <span class='ocrx_word' id='word_1_87' title='bbox 775 883 876 952; x_wconf 85' lang='lat' dir='ltr'>justus.</span> <span class='ocrx_word' id='word_1_88' title='bbox 913 887 953 940; x_wconf 79' lang='grc'>76.</span> 
     </span>
     <span class='ocr_line' id='line_1_12' title="bbox 104 959 953 1030; baseline -0.002 -17"><span class='ocrx_word' id='word_1_89' title='bbox 104 963 199 1030; x_wconf 84' lang='lat' dir='ltr'>Atque</span> <span class='ocrx_word' id='word_1_90' title='bbox 213 961 242 1013; x_wconf 90' lang='lat' dir='ltr'>in</span> <span class='ocrx_word' id='word_1_91' title='bbox 257 960 330 1013; x_wconf 91' lang='lat' dir='ltr'>omni</span> <span class='ocrx_word' id='word_1_92' title='bbox 347 977 377 1013; x_wconf 90' lang='lat' dir='ltr'>re</span> <span class='ocrx_word' id='word_1_93' title='bbox 393 959 619 1013; x_wconf 88' lang='lat' dir='ltr'>considerandum</span> <span class='ocrx_word' id='word_1_94' title='bbox 637 964 680 1013; x_wconf 91' lang='lat' dir='ltr'>est</span> <span class='ocrx_word' id='word_1_95' title='bbox 697 964 727 1013; x_wconf 93' lang='lat' dir='ltr'>et</span> <span class='ocrx_word' id='word_1_96' title='bbox 744 959 812 1029; x_wconf 88' lang='lat' dir='ltr'>quid</span> <span class='ocrx_word' id='word_1_97' title='bbox 830 959 953 1028; x_wconf 88' lang='lat' dir='ltr'>postules</span> 
     </span>
     <span class='ocr_line' id='line_1_13' title="bbox 102 1035 827 1105; baseline 0.006 -16"><span class='ocrx_word' id='word_1_98' title='bbox 102 1035 137 1089; x_wconf 88' lang='lat' dir='ltr'>ab</span> <span class='ocrx_word' id='word_1_99' title='bbox 149 1037 235 1090; x_wconf 88' lang='lat' dir='ltr'>amieo</span> <span class='ocrx_word' id='word_1_100' title='bbox 248 1040 277 1090; x_wconf 90' lang='lat' dir='ltr'>et</span> <span class='ocrx_word' id='word_1_101' title='bbox 289 1035 356 1105; x_wconf 92' lang='lat' dir='ltr'>quid</span> <span class='ocrx_word' id='word_1_102' title='bbox 368 1036 474 1103; x_wconf 89' lang='lat' dir='ltr'>patiare</span> <span class='ocrx_word' id='word_1_103' title='bbox 487 1052 504 1088; x_wconf 90' lang='lat' dir='ltr'>a</span> <span class='ocrx_word' id='word_1_104' title='bbox 516 1039 544 1089; x_wconf 93' lang='lat' dir='ltr'>te</span> <span class='ocrx_word' id='word_1_105' title='bbox 557 1036 705 1104; x_wconf 87' lang='lat' dir='ltr'>impetrari.</span> <span class='ocrx_word' id='word_1_106' title='bbox 823 1085 827 1093; x_wconf 93' lang='lat'>.</span> 
     </span>
    </p>

    <p class='ocr_par' dir='ltr' id='par_1_5' title="bbox 98 1109 953 2919">
     <span class='ocr_line' id='line_1_14' title="bbox 155 1109 953 1179; baseline -0.004 -14"><span class='ocrx_word' id='word_1_107' title='bbox 155 1112 233 1165; x_wconf 84' lang='lat' dir='ltr'>XXI.</span> <span class='ocrx_word' id='word_1_108' title='bbox 251 1112 301 1164; x_wconf 82' lang='lat' dir='ltr'>Est</span> <span class='ocrx_word' id='word_1_109' title='bbox 313 1111 395 1164; x_wconf 91' lang='lat' dir='ltr'>etiam</span> <span class='ocrx_word' id='word_1_110' title='bbox 410 1111 486 1178; x_wconf 86' lang='lat' dir='ltr'>quasi</span> <span class='ocrx_word' id='word_1_111' title='bbox 497 1110 630 1179; x_wconf 87' lang='lat' dir='ltr'>quaedam</span> <span class='ocrx_word' id='word_1_112' title='bbox 640 1110 780 1164; x_wconf 88' lang='lat' dir='ltr'>calamitas</span> <span class='ocrx_word' id='word_1_113' title='bbox 789 1109 816 1162; x_wconf 92' lang='lat' dir='ltr'>in</span> <span class='ocrx_word' id='word_1_114' title='bbox 826 1109 953 1162; x_wconf 86' lang='lat' dir='ltr'>amicitiis</span> 
     </span>
     <span class='ocr_line' id='line_1_15' title="bbox 102 1184 952 1252; baseline -0.004 -13"><span class='ocrx_word' id='word_1_115' title='bbox 102 1187 275 1240; x_wconf 89' lang='lat' dir='ltr'>dimittendis</span> <span class='ocrx_word' id='word_1_116' title='bbox 292 1202 485 1252; x_wconf 88' lang='lat' dir='ltr'>nonnunquam</span> <span class='ocrx_word' id='word_1_117' title='bbox 502 1185 653 1238; x_wconf 87' lang='lat' dir='ltr'>necessaria</span> <span class='ocrx_word' id='word_1_118' title='bbox 664 1205 670 1248; x_wconf 92' lang='lat'>;</span> <span class='ocrx_word' id='word_1_119' title='bbox 683 1184 743 1252; x_wconf 90' lang='lat' dir='ltr'>jam</span> <span class='ocrx_word' id='word_1_120' title='bbox 759 1184 832 1237; x_wconf 90' lang='lat' dir='ltr'>enim</span> <span class='ocrx_word' id='word_1_121' title='bbox 848 1201 865 1237; x_wconf 90' lang='lat' dir='ltr'>a</span> <span class='ocrx_word' id='word_1_122' title='bbox 881 1185 952 1252; x_wconf 88' lang='lat' dir='ltr'>sapi-</span> 
     </span>
     <span class='ocr_line' id='line_1_16' title="bbox 102 1260 952 1327; baseline -0.006 -11"><span class='ocrx_word' id='word_1_123' title='bbox 102 1263 206 1316; x_wconf 91' lang='lat' dir='ltr'>entium</span> <span class='ocrx_word' id='word_1_124' title='bbox 232 1260 463 1314; x_wconf 80' lang='lat' dir='ltr'>familiaritatibus</span> <span class='ocrx_word' id='word_1_125' title='bbox 488 1260 524 1314; x_wconf 86' lang='lat' dir='ltr'>ad</span> <span class='ocrx_word' id='word_1_126' title='bbox 550 1260 676 1327; x_wconf 83' lang='lat' dir='ltr'>vulgares</span> <span class='ocrx_word' id='word_1_127' title='bbox 702 1260 834 1312; x_wconf 88' lang='lat' dir='ltr'>amicitias</span> <span class='ocrx_word' id='word_1_128' title='bbox 864 1260 952 1313; x_wconf 88' lang='lat' dir='ltr'>oratio</span> 
     </span>
     <span class='ocr_line' id='line_1_17' title="bbox 102 1335 951 1404; baseline -0.002 -14"><span class='ocrx_word' id='word_1_129' title='bbox 102 1342 195 1392; x_wconf 89' lang='lat' dir='ltr'>nostra</span> <span class='ocrx_word' id='word_1_130' title='bbox 207 1336 351 1390; x_wconf 89' lang='lat' dir='ltr'>delabitur.</span> <span class='ocrx_word' id='word_1_131' title='bbox 369 1351 371 1357; x_wconf 84' lang='grc'><strong>’</strong></span> <span class='ocrx_word' id='word_1_132' title='bbox 388 1336 541 1403; x_wconf 80' lang='lat' dir='ltr'>Erumpunt</span> <span class='ocrx_word' id='word_1_133' title='bbox 556 1352 636 1404; x_wconf 88' lang='lat' dir='ltr'>saepe</span> <span class='ocrx_word' id='word_1_134' title='bbox 650 1335 717 1389; x_wconf 84' lang='lat' dir='ltr'>vitia</span> <span class='ocrx_word' id='word_1_135' title='bbox 730 1335 877 1389; x_wconf 90' lang='lat' dir='ltr'>amicorum</span> <span class='ocrx_word' id='word_1_136' title='bbox 891 1339 951 1389; x_wconf 88' lang='lat' dir='ltr'>tum</span> 
     </span>
     <span class='ocr_line' id='line_1_18' title="bbox 102 1407 952 1480; baseline -0.001 -15"><span class='ocrx_word' id='word_1_137' title='bbox 102 1414 130 1466; x_wconf 93' lang='lat' dir='ltr'>in</span> <span class='ocrx_word' id='word_1_138' title='bbox 142 1414 215 1479; x_wconf 84' lang='lat' dir='ltr'>ip&#39;sos</span> <span class='ocrx_word' id='word_1_139' title='bbox 227 1413 327 1466; x_wconf 90' lang='lat' dir='ltr'>amicos</span> <span class='ocrx_word' id='word_1_140' title='bbox 339 1416 398 1466; x_wconf 92' lang='lat' dir='ltr'>tum</span> <span class='ocrx_word' id='word_1_141' title='bbox 410 1412 438 1464; x_wconf 92' lang='lat' dir='ltr'>in</span> <span class='ocrx_word' id='word_1_142' title='bbox 450 1412 559 1478; x_wconf 90' lang='lat' dir='ltr'>alienos,</span> <span class='ocrx_word' id='word_1_143' title='bbox 572 1427 688 1480; x_wconf 89' lang='lat' dir='ltr'>quorum</span> <span class='ocrx_word' id='word_1_144' title='bbox 700 1407 794 1464; x_wconf 86' lang='lat' dir='ltr'>tamen</span> <span class='ocrx_word' id='word_1_145' title='bbox 803 1410 840 1464; x_wconf 91' lang='lat' dir='ltr'>ad</span> <span class='ocrx_word' id='word_1_146' title='bbox 851 1411 952 1465; x_wconf 89' lang='lat' dir='ltr'>amicos</span> 
     </span>
     <span class='ocr_line' id='line_1_19' title="bbox 101 1486 952 1555; baseline -0.002 -13"><span class='ocrx_word' id='word_1_147' title='bbox 101 1489 238 1543; x_wconf 89' lang='lat' dir='ltr'>redundet</span> <span class='ocrx_word' id='word_1_148' title='bbox 250 1489 370 1543; x_wconf 85' lang='lat' dir='ltr'>infamia.</span> <span class='ocrx_word' id='word_1_149' title='bbox 388 1488 467 1542; x_wconf 77' lang='lat' dir='ltr'>Tales</span> <span class='ocrx_word' id='word_1_150' title='bbox 478 1487 564 1555; x_wconf 82' lang='lat' dir='ltr'>igitur</span> <span class='ocrx_word' id='word_1_151' title='bbox 575 1486 711 1540; x_wconf 87' lang='lat' dir='ltr'>amicitiae</span> <span class='ocrx_word' id='word_1_152' title='bbox 721 1490 784 1540; x_wconf 89' lang='lat' dir='ltr'>sunt</span> <span class='ocrx_word' id='word_1_153' title='bbox 793 1487 952 1541; x_wconf 89' lang='lat' dir='ltr'>remissione</span> 
     </span>
     <span class='ocr_line' id='line_1_20' title="bbox 101 1561 949 1632; baseline -0.002 -14"><span class='ocrx_word' id='word_1_154' title='bbox 101 1583 166 1618; x_wconf 89' lang='lat' dir='ltr'>usus</span> <span class='ocrx_word' id='word_1_155' title='bbox 179 1564 318 1632; x_wconf 89' lang='lat' dir='ltr'>eluendae,</span> <span class='ocrx_word' id='word_1_156' title='bbox 332 1568 368 1630; x_wconf 89' lang='lat' dir='ltr'>et,</span> <span class='ocrx_word' id='word_1_157' title='bbox 380 1568 412 1618; x_wconf 91' lang='lat' dir='ltr'>ut</span> <span class='ocrx_word' id='word_1_158' title='bbox 425 1564 557 1618; x_wconf 79' lang='lat' dir='ltr'>Catonem</span> <span class='ocrx_word' id='word_1_159' title='bbox 569 1563 660 1616; x_wconf 87' lang='lat' dir='ltr'>dicere</span> <span class='ocrx_word' id='word_1_160' title='bbox 672 1561 771 1629; x_wconf 86' lang='lat' dir='ltr'>audivi,</span> <span class='ocrx_word' id='word_1_161' title='bbox 785 1562 949 1616; x_wconf 88' lang='lat' dir='ltr'>dissuendae</span> 
     </span>
     <span class='ocr_line' id='line_1_21' title="bbox 101 1638 951 1713; baseline -0.004 -19"><span class='ocrx_word' id='word_1_162' title='bbox 101 1643 188 1710; x_wconf 83' lang='lat' dir='ltr'>magis</span> <span class='ocrx_word' id='word_1_163' title='bbox 214 1657 295 1711; x_wconf 89' lang='lat' dir='ltr'>quam</span> <span class='ocrx_word' id='word_1_164' title='bbox 325 1640 532 1704; x_wconf 87' lang='lat' dir='ltr'>discindendae;</span> <span class='ocrx_word' id='word_1_165' title='bbox 551 1639 612 1692; x_wconf 35' lang='lat' dir='ltr'>⁸nisi</span> <span class='ocrx_word' id='word_1_166' title='bbox 641 1638 775 1706; x_wconf 83' lang='lat' dir='ltr'>quaedam</span> <span class='ocrx_word' id='word_1_167' title='bbox 804 1638 951 1713; x_wconf 87' lang='lat' dir='ltr'>admodum</span> 
     </span>
     <span class='ocr_line' id='line_1_22' title="bbox 101 1715 952 1784; baseline -0.002 -15"><span class='ocrx_word' id='word_1_168' title='bbox 101 1717 279 1771; x_wconf 84' lang='lat' dir='ltr'>intolerabilis</span> <span class='ocrx_word' id='word_1_169' title='bbox 297 1715 398 1784; x_wconf 90' lang='lat' dir='ltr'>injuria</span> <span class='ocrx_word' id='word_1_170' title='bbox 417 1715 559 1784; x_wconf 84' lang='lat' dir='ltr'>exarserit,</span> <span class='ocrx_word' id='word_1_171' title='bbox 577 1718 608 1769; x_wconf 91' lang='lat' dir='ltr'>ut</span> <span class='ocrx_word' id='word_1_172' title='bbox 626 1731 715 1783; x_wconf 89' lang='lat' dir='ltr'>neque</span> <span class='ocrx_word' id='word_1_173' title='bbox 734 1718 840 1768; x_wconf 91' lang='lat' dir='ltr'>rectum</span> <span class='ocrx_word' id='word_1_174' title='bbox 863 1731 952 1782; x_wconf 90' lang='lat' dir='ltr'>neque</span> 
     </span>
     <span class='ocr_line' id='line_1_23' title="bbox 101 1789 952 1859; baseline -0.004 -16"><span class='ocrx_word' id='word_1_175' title='bbox 101 1791 245 1846; x_wconf 90' lang='lat' dir='ltr'>honestum</span> <span class='ocrx_word' id='word_1_176' title='bbox 255 1793 291 1846; x_wconf 86' lang='lat' dir='ltr'>sit</span> <span class='ocrx_word' id='word_1_177' title='bbox 300 1809 350 1845; x_wconf 90' lang='lat' dir='ltr'>nec</span> <span class='ocrx_word' id='word_1_178' title='bbox 362 1791 421 1845; x_wconf 83' lang='lat' dir='ltr'>lieri</span> <span class='ocrx_word' id='word_1_179' title='bbox 433 1791 519 1859; x_wconf 86' lang='lat' dir='ltr'>possit</span> <span class='ocrx_word' id='word_1_180' title='bbox 530 1794 562 1843; x_wconf 90' lang='lat' dir='ltr'>ut</span> <span class='ocrx_word' id='word_1_181' title='bbox 576 1807 630 1843; x_wconf 91' lang='lat' dir='ltr'>non</span> <span class='ocrx_word' id='word_1_182' title='bbox 646 1790 740 1843; x_wconf 87' lang='lat' dir='ltr'>statim</span> <span class='ocrx_word' id='word_1_183' title='bbox 757 1789 882 1842; x_wconf 88' lang='lat' dir='ltr'>alienatio</span> <span class='ocrx_word' id='word_1_184' title='bbox 899 1789 952 1841; x_wconf 81' lang='lat' dir='ltr'>dis</span> 
     </span>
     <span class='ocr_line' id='line_1_24' title="bbox 98 1866 951 1936; baseline -0.002 -16"><span class='ocrx_word' id='word_1_185' title='bbox 98 1866 258 1936; x_wconf 80' lang='lat' dir='ltr'>junctioque</span> <span class='ocrx_word' id='word_1_186' title='bbox 271 1867 395 1920; x_wconf 90' lang='lat' dir='ltr'>facienda</span> <span class='ocrx_word' id='word_1_187' title='bbox 410 1867 454 1921; x_wconf 93' lang='lat' dir='ltr'>sit.</span> <span class='ocrx_word' id='word_1_188' title='bbox 496 1871 536 1924; x_wconf 84' lang='lat'>77.</span> <span class='ocrx_word' id='word_1_189' title='bbox 556 1867 603 1920; x_wconf 86' lang='lat' dir='ltr'>Sin</span> <span class='ocrx_word' id='word_1_190' title='bbox 618 1871 709 1919; x_wconf 88' lang='lat' dir='ltr'>autem</span> <span class='ocrx_word' id='word_1_191' title='bbox 724 1868 773 1919; x_wconf 89' lang='lat' dir='ltr'>aut</span> <span class='ocrx_word' id='word_1_192' title='bbox 786 1881 892 1917; x_wconf 89' lang='lat' dir='ltr'>morum</span> <span class='ocrx_word' id='word_1_193' title='bbox 903 1869 951 1918; x_wconf 86' lang='lat' dir='ltr'>ant</span> 
     </span>
     <span class='ocr_line' id='line_1_25' title="bbox 102 1940 951 2010; baseline -0.001 -15"><span class='ocrx_word' id='word_1_194' title='bbox 102 1942 255 1996; x_wconf 90' lang='lat' dir='ltr'>studiorum</span> <span class='ocrx_word' id='word_1_195' title='bbox 267 1943 443 1996; x_wconf 88' lang='lat' dir='ltr'>commutatio</span> <span class='ocrx_word' id='word_1_196' title='bbox 454 1942 596 2010; x_wconf 90' lang='lat' dir='ltr'>quaedam,</span> <span class='ocrx_word' id='word_1_197' title='bbox 608 1946 640 1996; x_wconf 99' lang='lat' dir='ltr'>ut</span> <span class='ocrx_word' id='word_1_198' title='bbox 652 1940 712 1994; x_wconf 87' lang='lat' dir='ltr'>fieri</span> <span class='ocrx_word' id='word_1_199' title='bbox 724 1941 800 2006; x_wconf 88' lang='lat' dir='ltr'>solet,</span> <span class='ocrx_word' id='word_1_200' title='bbox 810 1942 882 1994; x_wconf 86' lang='lat' dir='ltr'>facta</span> <span class='ocrx_word' id='word_1_201' title='bbox 890 1941 951 2007; x_wconf 87' lang='lat' dir='ltr'>erit,</span> 
     </span>
     <span class='ocr_line' id='line_1_26' title="bbox 101 2015 951 2087; baseline -0.004 -16"><span class='ocrx_word' id='word_1_202' title='bbox 101 2022 150 2071; x_wconf 76' lang='lat' dir='ltr'>aiat</span> <span class='ocrx_word' id='word_1_203' title='bbox 161 2019 188 2071; x_wconf 91' lang='lat' dir='ltr'>in</span> <span class='ocrx_word' id='word_1_204' title='bbox 198 2018 239 2072; x_wconf 88' lang='lat' dir='ltr'>rei</span> <span class='ocrx_word' id='word_1_205' title='bbox 247 2018 371 2087; x_wconf 90' lang='lat' dir='ltr'>publicae</span> <span class='ocrx_word' id='word_1_206' title='bbox 381 2017 504 2085; x_wconf 84' lang='lat' dir='ltr'>partibus</span> <span class='ocrx_word' id='word_1_207' title='bbox 514 2017 645 2071; x_wconf 89' lang='lat' dir='ltr'>dissensio</span> <span class='ocrx_word' id='word_1_208' title='bbox 653 2017 848 2083; x_wconf 79' lang='lat' dir='ltr'>intercesserit,</span> <span class='ocrx_word' id='word_1_209' title='bbox 855 2015 951 2083; x_wconf 85' lang='lat' dir='ltr'>loquor</span> 
     </span>
     <span class='ocr_line' id='line_1_27' title="bbox 101 2091 951 2162; baseline -0.005 -14"><span class='ocrx_word' id='word_1_210' title='bbox 101 2095 173 2148; x_wconf 89' lang='lat' dir='ltr'>enim</span> <span class='ocrx_word' id='word_1_211' title='bbox 181 2094 248 2162; x_wconf 87' lang='lat' dir='ltr'>jam,</span> <span class='ocrx_word' id='word_1_212' title='bbox 260 2098 292 2148; x_wconf 99' lang='lat' dir='ltr'>ut</span> <span class='ocrx_word' id='word_1_213' title='bbox 303 2093 393 2161; x_wconf 90' lang='lat' dir='ltr'>paullo</span> <span class='ocrx_word' id='word_1_214' title='bbox 405 2096 469 2147; x_wconf 91' lang='lat' dir='ltr'>ante</span> <span class='ocrx_word' id='word_1_215' title='bbox 480 2093 545 2159; x_wconf 83' lang='lat' dir='ltr'>dixi,</span> <span class='ocrx_word' id='word_1_216' title='bbox 558 2110 612 2146; x_wconf 93' lang='lat' dir='ltr'>non</span> <span class='ocrx_word' id='word_1_217' title='bbox 624 2093 659 2146; x_wconf 89' lang='lat' dir='ltr'>de</span> <span class='ocrx_word' id='word_1_218' title='bbox 671 2092 834 2160; x_wconf 87' lang='lat' dir='ltr'>sapientium</span> <span class='ocrx_word' id='word_1_219' title='bbox 850 2091 898 2144; x_wconf 91' lang='lat' dir='ltr'>sed</span> <span class='ocrx_word' id='word_1_220' title='bbox 916 2091 951 2144; x_wconf 80' lang='lat' dir='ltr'>‹le</span> 
     </span>
     <span class='ocr_line' id='line_1_28' title="bbox 101 2166 951 2234; baseline -0.007 -11"><span class='ocrx_word' id='word_1_221' title='bbox 101 2169 289 2223; x_wconf 90' lang='lat' dir='ltr'>communibus</span> <span class='ocrx_word' id='word_1_222' title='bbox 301 2168 434 2234; x_wconf 88' lang='lat' dir='ltr'>amicitiis,</span> <span class='ocrx_word' id='word_1_223' title='bbox 445 2168 595 2222; x_wconf 86' lang='lat' dir='ltr'>cavendum</span> <span class='ocrx_word' id='word_1_224' title='bbox 608 2169 707 2221; x_wconf 88' lang='lat' dir='ltr'>eritne</span> <span class='ocrx_word' id='word_1_225' title='bbox 719 2184 772 2220; x_wconf 91' lang='lat' dir='ltr'>non</span> <span class='ocrx_word' id='word_1_226' title='bbox 785 2166 870 2220; x_wconf 89' lang='lat' dir='ltr'>solum</span> <span class='ocrx_word' id='word_1_227' title='bbox 887 2167 951 2218; x_wconf 90' lang='lat' dir='ltr'>ami-</span> 
     </span>
     <span class='ocr_line' id='line_1_29' title="bbox 102 2235 951 2311; baseline -0.005 -15"><span class='ocrx_word' id='word_1_228' title='bbox 102 2244 182 2297; x_wconf 90' lang='lat' dir='ltr'>citiae</span> <span class='ocrx_word' id='word_1_229' title='bbox 197 2235 337 2311; x_wconf 73' lang='lat' dir='ltr'>depositae</span> <span class='ocrx_word' id='word_1_230' title='bbox 353 2242 497 2296; x_wconf 86' lang='lat' dir='ltr'>sedetiam</span> <span class='ocrx_word' id='word_1_231' title='bbox 514 2245 670 2299; x_wconf 89' lang='lat' dir='ltr'>inimicitiae</span> <span class='ocrx_word' id='word_1_232' title='bbox 686 2245 827 2309; x_wconf 82' lang='lat' dir='ltr'>susceptae</span> <span class='ocrx_word' id='word_1_233' title='bbox 841 2241 951 2294; x_wconf 86' lang='lat' dir='ltr'>videan-</span> 
     </span>
     <span class='ocr_line' id='line_1_30' title="bbox 102 2313 951 2387; baseline -0.006 -14"><span class='ocrx_word' id='word_1_234' title='bbox 102 2325 155 2373; x_wconf 85' lang='lat' dir='ltr'>tur.</span> <span class='ocrx_word' id='word_1_235' title='bbox 175 2320 250 2372; x_wconf 90' lang='lat' dir='ltr'>Nihil</span> <span class='ocrx_word' id='word_1_236' title='bbox 263 2319 335 2372; x_wconf 89' lang='lat' dir='ltr'>enim</span> <span class='ocrx_word' id='word_1_237' title='bbox 346 2313 452 2385; x_wconf 87' lang='lat' dir='ltr'>turpius</span> <span class='ocrx_word' id='word_1_238' title='bbox 464 2335 546 2387; x_wconf 90' lang='lat' dir='ltr'>quam</span> <span class='ocrx_word' id='word_1_239' title='bbox 557 2334 619 2372; x_wconf 90' lang='lat' dir='ltr'>cum</span> <span class='ocrx_word' id='word_1_240' title='bbox 628 2335 661 2371; x_wconf 93' lang='lat' dir='ltr'>eo</span> <span class='ocrx_word' id='word_1_241' title='bbox 670 2317 771 2370; x_wconf 92' lang='lat' dir='ltr'>bellum</span> <span class='ocrx_word' id='word_1_242' title='bbox 784 2333 879 2384; x_wconf 85' lang='lat' dir='ltr'>gerere</span> <span class='ocrx_word' id='word_1_243' title='bbox 892 2317 951 2384; x_wconf 92' lang='lat' dir='ltr'>qui-</span> 
     </span>
     <span class='ocr_line' id='line_1_31' title="bbox 103 2391 951 2460; baseline 0.001 -14"><span class='ocrx_word' id='word_1_244' title='bbox 103 2410 164 2446; x_wconf 93' lang='lat' dir='ltr'>cum</span> <span class='ocrx_word' id='word_1_245' title='bbox 176 2393 347 2447; x_wconf 86' lang='lat' dir='ltr'>familiariter</span> <span class='ocrx_word' id='word_1_246' title='bbox 358 2393 466 2447; x_wconf 86' lang='lat' dir='ltr'>vixeris.</span> <span class='ocrx_word' id='word_1_247' title='bbox 502 2393 548 2446; x_wconf 89' lang='lat' dir='ltr'>Ab</span> <span class='ocrx_word' id='word_1_248' title='bbox 560 2393 679 2446; x_wconf 86' lang='lat' dir='ltr'>amicitia</span> <span class='ocrx_word' id='word_1_249' title='bbox 697 2393 730 2456; x_wconf 79' lang='lat' dir='ltr'>Q.</span> <span class='ocrx_word' id='word_1_250' title='bbox 750 2391 872 2460; x_wconf 85' lang='lat' dir='ltr'>Pompeii</span> <span class='ocrx_word' id='word_1_251' title='bbox 890 2409 951 2447; x_wconf 90' lang='lat' dir='ltr'>meo</span> 
     </span>
     <span class='ocr_line' id='line_1_32' title="bbox 102 2467 951 2537; baseline 0.002 -16"><span class='ocrx_word' id='word_1_252' title='bbox 102 2470 210 2523; x_wconf 89' lang='lat' dir='ltr'>nomine</span> <span class='ocrx_word' id='word_1_253' title='bbox 222 2486 252 2522; x_wconf 91' lang='lat' dir='ltr'>se</span> <span class='ocrx_word' id='word_1_254' title='bbox 267 2471 428 2537; x_wconf 86' lang='lat' dir='ltr'>removerat,</span> <span class='ocrx_word' id='word_1_255' title='bbox 443 2471 475 2522; x_wconf 90' lang='lat' dir='ltr'>ut</span> <span class='ocrx_word' id='word_1_256' title='bbox 491 2468 575 2536; x_wconf 89' lang='lat' dir='ltr'>scitis,</span> <span class='ocrx_word' id='word_1_257' title='bbox 594 2468 701 2536; x_wconf 79' lang='lat' dir='ltr'>Scipi03</span> <span class='ocrx_word' id='word_1_258' title='bbox 718 2471 831 2537; x_wconf 89' lang='lat' dir='ltr'>propter</span> <span class='ocrx_word' id='word_1_259' title='bbox 848 2467 951 2523; x_wconf 85' lang='lat' dir='ltr'>dissen-</span> 
     </span>
     <span class='ocr_line' id='line_1_33' title="bbox 102 2544 951 2614; baseline 0.002 -16"><span class='ocrx_word' id='word_1_260' title='bbox 102 2546 206 2599; x_wconf 84' lang='lat' dir='ltr'>sionem</span> <span class='ocrx_word' id='word_1_261' title='bbox 222 2548 322 2612; x_wconf 88' lang='lat' dir='ltr'>autem,</span> <span class='ocrx_word' id='word_1_262' title='bbox 336 2561 406 2614; x_wconf 90' lang='lat' dir='ltr'>qnae</span> <span class='ocrx_word' id='word_1_263' title='bbox 422 2548 482 2599; x_wconf 88' lang='lat' dir='ltr'>erat</span> <span class='ocrx_word' id='word_1_264' title='bbox 497 2545 525 2598; x_wconf 91' lang='lat' dir='ltr'>in</span> <span class='ocrx_word' id='word_1_265' title='bbox 540 2561 572 2598; x_wconf 90' lang='lat' dir='ltr'>re</span> <span class='ocrx_word' id='word_1_266' title='bbox 589 2544 705 2613; x_wconf 89' lang='lat' dir='ltr'>publica,</span> <span class='ocrx_word' id='word_1_267' title='bbox 723 2544 856 2598; x_wconf 89' lang='lat' dir='ltr'>alienatus</span> <span class='ocrx_word' id='word_1_268' title='bbox 873 2549 917 2600; x_wconf 91' lang='lat' dir='ltr'>est</span> <span class='ocrx_word' id='word_1_269' title='bbox 933 2563 951 2600; x_wconf 88' lang='lat' dir='ltr'>a</span> 
     </span>
     <span class='ocr_line' id='line_1_34' title="bbox 102 2621 950 2697; baseline 0.001 -24"><span class='ocrx_word' id='word_1_270' title='bbox 102 2621 205 2697; x_wconf 82' lang='lat' dir='ltr'>collega</span> <span class='ocrx_word' id='word_1_271' title='bbox 216 2625 310 2675; x_wconf 89' lang='lat' dir='ltr'>nostre</span> <span class='ocrx_word' id='word_1_272' title='bbox 322 2621 443 2687; x_wconf 85' lang='lat' dir='ltr'>Metello.</span> <span class='ocrx_word' id='word_1_273' title='bbox 470 2621 626 2690; x_wconf 89' lang='lat' dir='ltr'>Utrumque</span> <span class='ocrx_word' id='word_1_274' title='bbox 639 2621 696 2689; x_wconf 84' lang='lat' dir='ltr'>egit</span> <span class='ocrx_word' id='word_1_275' title='bbox 706 2621 834 2690; x_wconf 81' lang='lat' dir='ltr'>graviter,</span> <span class='ocrx_word' id='word_1_276' title='bbox 846 2625 950 2675; x_wconf 85' lang='lat' dir='ltr'>auctor·</span> 
     </span>
     <span class='ocr_line' id='line_1_35' title="bbox 101 2696 950 2762; baseline -0.001 -11"><span class='ocrx_word' id='word_1_277' title='bbox 101 2698 170 2751; x_wconf 90' lang='lat' dir='ltr'>itate</span> <span class='ocrx_word' id='word_1_278' title='bbox 186 2697 378 2762; x_wconf 65' lang='lat' dir='ltr'>deffensione</span> <span class='ocrx_word' id='word_1_279' title='bbox 394 2698 477 2751; x_wconf 90' lang='lat' dir='ltr'>animi</span> <span class='ocrx_word' id='word_1_280' title='bbox 492 2715 545 2751; x_wconf 91' lang='lat' dir='ltr'>non</span> <span class='ocrx_word' id='word_1_281' title='bbox 562 2696 670 2751; x_wconf 87' lang='lat' dir='ltr'>acerba.</span> <span class='ocrx_word' id='word_1_282' title='bbox 706 2702 748 2755; x_wconf 85' lang='lat'>78.</span> <span class='ocrx_word' id='word_1_283' title='bbox 767 2697 950 2762; x_wconf 80' lang='lat' dir='ltr'>Quamobrem</span> 
     </span>
     <span class='ocr_line' id='line_1_36' title="bbox 101 2773 950 2844; baseline 0 -19"><span class='ocrx_word' id='word_1_284' title='bbox 101 2775 218 2841; x_wconf 90' lang='lat' dir='ltr'>primum</span> <span class='ocrx_word' id='word_1_285' title='bbox 231 2773 322 2827; x_wconf 90' lang='lat' dir='ltr'>danda</span> <span class='ocrx_word' id='word_1_286' title='bbox 333 2790 416 2842; x_wconf 90' lang='lat' dir='ltr'>opera</span> <span class='ocrx_word' id='word_1_287' title='bbox 428 2777 472 2828; x_wconf 87' lang='lat' dir='ltr'>est</span> <span class='ocrx_word' id='word_1_288' title='bbox 483 2790 572 2842; x_wconf 87' lang='lat' dir='ltr'>nequa</span> <span class='ocrx_word' id='word_1_289' title='bbox 584 2775 732 2828; x_wconf 86' lang='lat' dir='ltr'>amicorum</span> <span class='ocrx_word' id='word_1_290' title='bbox 744 2774 858 2828; x_wconf 87' lang='lat' dir='ltr'>discidia</span> <span class='ocrx_word' id='word_1_291' title='bbox 867 2774 950 2844; x_wconf 87' lang='lat' dir='ltr'>fiant;</span> 
     </span>
     <span class='ocr_line' id='line_1_37' title="bbox 102 2848 950 2919; baseline 0.001 -18"><span class='ocrx_word' id='word_1_292' title='bbox 102 2850 144 2902; x_wconf 91' lang='lat' dir='ltr'>sin</span> <span class='ocrx_word' id='word_1_293' title='bbox 160 2850 215 2904; x_wconf 89' lang='lat' dir='ltr'>tale</span> <span class='ocrx_word' id='word_1_294' title='bbox 227 2850 337 2919; x_wconf 87' lang='lat' dir='ltr'>aliquid</span> <span class='ocrx_word' id='word_1_295' title='bbox 355 2851 484 2916; x_wconf 82' lang='lat' dir='ltr'>evenerit,</span> <span class='ocrx_word' id='word_1_296' title='bbox 502 2854 534 2903; x_wconf 91' lang='lat' dir='ltr'>ut</span> <span class='ocrx_word' id='word_1_297' title='bbox 552 2851 688 2904; x_wconf 80' lang='lat' dir='ltr'>extinctae</span> <span class='ocrx_word' id='word_1_298' title='bbox 705 2850 796 2918; x_wconf 87' lang='lat' dir='ltr'>potius</span> <span class='ocrx_word' id='word_1_299' title='bbox 814 2848 950 2902; x_wconf 87' lang='lat' dir='ltr'>amicitiae</span> 
     </span>
    </p>

    <p class='ocr_par' dir='ltr' id='par_1_6' title="bbox 43 2925 1009 3149">
     <span class='ocr_line' id='line_1_38' title="bbox 43 2925 952 2994; baseline -0.006 -16"><span class='ocrx_word' id='word_1_300' title='bbox 43 2932 49 2942; x_wconf 87' lang='lat'>&#39;</span> <span class='ocrx_word' id='word_1_301' title='bbox 102 2941 193 2993; x_wconf 73' lang='lat' dir='ltr'>quamv</span> <span class='ocrx_word' id='word_1_302' title='bbox 207 2942 353 2994; x_wconf 86' lang='lat' dir='ltr'>oppressae</span> <span class='ocrx_word' id='word_1_303' title='bbox 376 2943 436 2979; x_wconf 88' lang='lat' dir='ltr'>esse</span> <span class='ocrx_word' id='word_1_304' title='bbox 458 2925 627 2979; x_wconf 70' lang='lat' dir='ltr'>videantur.=</span> <span class='ocrx_word' id='word_1_305' title='bbox 649 2926 806 2980; x_wconf 87' lang='lat' dir='ltr'>Cavendum</span> <span class='ocrx_word' id='word_1_306' title='bbox 830 2940 894 2976; x_wconf 88' lang='lat' dir='ltr'>vero</span> <span class='ocrx_word' id='word_1_307' title='bbox 915 2941 952 2974; x_wconf 79' lang='lat' dir='ltr'>ne</span> 
     </span>
     <span class='ocr_line' id='line_1_39' title="bbox 102 2995 983 3070; baseline -0.005 -17"><span class='ocrx_word' id='word_1_308' title='bbox 102 3000 185 3053; x_wconf 90' lang='lat' dir='ltr'>etiam</span> <span class='ocrx_word' id='word_1_309' title='bbox 200 3001 340 3070; x_wconf 81' lang='lat' dir='ltr'>ingraves</span> <span class='ocrx_word' id='word_1_310' title='bbox 357 3001 516 3056; x_wconf 83' lang='lat' dir='ltr'>iuimicitias</span> <span class='ocrx_word' id='word_1_311' title='bbox 533 3004 701 3056; x_wconf 72' lang='lat' dir='ltr'>conuertunt</span> <span class='ocrx_word' id='word_1_312' title='bbox 716 3016 752 3049; x_wconf 71' lang='lat' dir='ltr'>ss</span> <span class='ocrx_word' id='word_1_313' title='bbox 765 2995 927 3048; x_wconf 43' lang='lat' dir='ltr'>amandas„</span> <span class='ocrx_word' id='word_1_314' title='bbox 938 3004 983 3032; x_wconf 58' lang='lat' dir='ltr'>ex</span> 
     </span>
     <span class='ocr_line' id='line_1_40' title="bbox 97 3061 1009 3149; baseline -0.025 -20"><span class='ocrx_word' id='word_1_315' title='bbox 97 3072 198 3143; x_wconf 64' lang='lat' dir='ltr'>prmius</span> <span class='ocrx_word' id='word_1_316' title='bbox 208 3077 314 3149; x_wconf 84' lang='lat' dir='ltr'>jurgia,</span> <span class='ocrx_word' id='word_1_317' title='bbox 329 3079 496 3149; x_wconf 84' lang='lat' dir='ltr'>maledieta,</span> <span class='ocrx_word' id='word_1_318' title='bbox 513 3076 708 3134; x_wconf 68' lang='lat' dir='ltr'>contumeliae</span> <span class='ocrx_word' id='word_1_319' title='bbox 725 3065 915 3134; x_wconf 44' lang='lat' dir='ltr'>&amp;pessuma</span> <span class='ocrx_word' id='word_1_320' title='bbox 927 3061 1009 3109; x_wconf 55' lang='lat' dir='ltr'>asw-</span> 
     </span>
    </p>
   </div>
   <div class='ocr_carea' id='block_1_3' title="bbox 89 3118 1028 3227">
    <p class='ocr_par' dir='ltr' id='par_1_7' title="bbox 89 3118 1028 3227">
     <span class='ocr_line' id='line_1_41' title="bbox 89 3118 1028 3227; baseline 0 -23"><span class='ocrx_word' id='word_1_321' title='bbox 89 3152 184 3208; x_wconf 65' lang='lat' dir='ltr'>muron</span> <span class='ocrx_word' id='word_1_322' title='bbox 202 3155 228 3212; x_wconf 88' lang='lat' dir='ltr'>si</span> <span class='ocrx_word' id='word_1_323' title='bbox 244 3157 417 3217; x_wconf 84' lang='lat' dir='ltr'>tolerabiles</span> <span class='ocrx_word' id='word_1_324' title='bbox 436 3161 539 3227; x_wconf 70' lang='lat' dir='ltr'>eruant,</span> <span class='ocrx_word' id='word_1_325' title='bbox 549 3151 701 3212; x_wconf 76' lang='lat' dir='ltr'>ierendae</span> <span class='ocrx_word' id='word_1_326' title='bbox 714 3143 803 3200; x_wconf 51' lang='lat' dir='ltr'>affin</span> <span class='ocrx_word' id='word_1_327' title='bbox 818 3118 1028 3182; x_wconf 43' lang='lat' dir='ltr'>‘mmmm</span> 
     </span>
    </p>
   </div>
   <div class='ocr_carea' id='block_1_4' title="bbox 0 0 1046 3404">
    <p class='ocr_par' dir='ltr' id='par_1_8' title="bbox 0 0 1046 3404">
     <span class='ocr_line' id='line_1_42' title="bbox 0 0 1046 3404; baseline 0 0"><span class='ocrx_word' id='word_1_328' title='bbox 0 0 1046 3404; x_wconf 95' lang='lat' dir='ltr'> </span> 
     </span>
    </p>
   </div>
  </div>
 </body>
</html>
