2084 3404
294 113 383 176 Ollio
401 113 533 162 ursJoR.
573 115 648 163 CAP.
670 115 703 163 X.
723 115 772 164 XI.
925 118 952 164 11

108 194 232 259 eonsule3
249 193 299 247 sed
310 199 409 260 tamen,
427 197 459 247 ut
477 210 525 247 vos
542 194 649 261 videtis,
666 211 720 248 non
730 195 812 263 plano
823 211 867 249 mo
879 211 955 249 auer-

108 269 182 324 vavit
203 286 253 323 uec
269 269 365 322 afflixit
382 273 522 336 senectus3
539 287 594 324 non
611 271 687 324 curia
703 271 775 325 vires
793 288 868 325 meas
886 271 956 325 desi-

109 346 195 413 derat,
207 363 261 400 non
273 350 369 412 rostra,
389 362 442 398 uon
459 347 545 414 amici,
562 365 616 401 non
628 347 749 413 clientes,
761 365 814 401 non
826 348 956 417 hospites

109 422 135 474 N
138 439 168 475 ee
186 423 258 475 enim
275 438 396 490 unquam
414 438 473 475 sum
491 440 616 477 assensus
630 423 717 477 veteri
734 423 773 476 illi
790 423 956 493 laudatoque

109 497 253 565 proverbio
265 497 340 566 quod
352 501 452 565 mouet,
469 502 577 553 mature
592 499 652 552 fiori
671 515 769 563 senem,
789 499 811 550 si
829 499 877 572 diu
888 500 956 552 velis
976 560 979 566 ¹

109 589 169 626 osse
182 590 271 628 senex.
307 573 365 641 ligo
377 589 442 626 vero
454 574 598 627 meminus
611 574 658 627 diu
671 591 763 628 senem
776 590 835 628 esse
847 573 955 627 mallem

110 646 200 716 quam¹
216 666 275 702 csse
300 665 393 703 senem
417 652 481 702 aute
505 667 588 718 quam
612 666 709 704 essem.
754 650 853 718 ltaque
875 666 956 702 nemo

109 724 197 778 adhuc
216 725 359 779 convenire
378 742 422 779 me
441 725 526 778 voluit
545 725 589 778 cui
608 725 706 779 fuerim
726 729 879 794 occupatus.
916 731 957 780 33.

111 800 152 853 At
163 800 253 854 miuus
264 800 352 854 habeo
365 800 462 853 virium
476 817 557 869 quam
568 806 691 855 vestrum
705 802 816 856 utervis.
853 801 958 854 Nesos

110 875 220 944 quidem
233 876 262 930 T.
275 876 367 930 Pontii
380 877 546 943 centurionis
557 877 628 930 vires
640 877 760 932 habetis:
777 894 843 930 uum
855 877 957 930 ideirco

110 955 153 1005 est
164 951 210 1006 ille
221 953 417 1020 praestantiori
454 952 608 1007 Moderatio
621 953 703 1006 modo
715 953 813 1007 sirium
833 952 914 1021 adsit,
927 956 957 1006 et
1003 1003 1006 1009 .

109 1030 217 1081 tautum
241 1033 373 1096 quantum
394 1031 486 1096 potest
505 1029 621 1097 quisquo
641 1029 760 1093 nitatur3
781 1045 816 1082 ne
833 1029 879 1082 ille
902 1045 957 1081 non

110 1120 208 1170 magno
228 1103 364 1175 desiderio
383 1104 524 1156 tenebitur
542 1103 649 1158 virium.
688 1103 829 1172 Olympiae
840 1107 957 1172 persta

111 1178 186 1230 dium
203 1173 341 1245 ingressus
360 1195 420 1231 esse
438 1177 505 1230 Milo
523 1178 631 1245 dieitur,
646 1195 729 1246 quum
744 1178 864 1232 humeris
876 1179 958 1232 susti:

111 1256 190 1307 noret
202 1253 408 1320 bovemvivum.
446 1253 548 1306 Utrum
565 1254 649 1321 igitur
665 1253 715 1306 has
726 1255 847 1322 eorporis
857 1270 893 1307 an
906 1253 957 1322 Py-

111 1329 242 1396 thagorae
265 1328 414 1399 tibissmalis
434 1329 505 1382 vires
525 1329 625 1397 ingenii
647 1329 723 1384 darii
759 1329 886 1398 Denique
903 1330 957 1384 isto

111 1403 181 1457 bono
198 1408 277 1459 utare
296 1406 362 1460 dum
380 1406 453 1476 adsit
459 1426 466 1471 3
487 1422 570 1474 quum
594 1405 666 1460 absit
684 1422 718 1459 uo
741 1405 879 1474 requiras;
904 1406 957 1459 nisi

109 1480 181 1535 forte
199 1481 387 1537 adolescentes
404 1482 558 1552 pueritiam,
577 1483 697 1551 paullum
712 1485 803 1536 aetate
820 1483 955 1549 progressi

109 1555 320 1611 adolescentiam
333 1557 437 1612 debent
448 1559 597 1625 requirere.
618 1557 719 1623 Cursus
728 1560 771 1611 est
779 1561 871 1611 certus
883 1561 956 1612 aeta-

110 1631 146 1685 tis
165 1635 194 1686 et
213 1650 267 1686 une
287 1633 331 1688 via
349 1637 464 1689 naturae
483 1649 569 1702 eaque
591 1633 713 1701 simplex,
736 1647 839 1701 suaque
858 1633 957 1702 cuique

109 1708 182 1776 parti
206 1709 305 1764 aetatis
329 1709 529 1780 tempestivitas
552 1712 595 1763 est
616 1709 688 1775 data,
712 1712 743 1763 ut
765 1712 794 1762 et
811 1708 957 1762 infirmitas

109 1799 262 1853 puerorum,
284 1789 313 1840 et
333 1786 460 1840 ferocitas
473 1785 613 1854 juvenum,
636 1788 665 1838 et
681 1784 802 1853 gravitm
818 1783 877 1852 jam
895 1801 957 1838 con-

110 1861 208 1912 stantis
229 1862 341 1929 aetatis
353 1865 382 1916 et
401 1862 549 1915 senectutis
568 1862 713 1915 maturitas
732 1860 856 1914 naturale
877 1861 956 1929 quid-

110 1933 173 1987 dam
185 1936 286 1991 habeat
295 1935 371 2005 ¹quod
384 1954 432 1990 suo
444 1941 568 2006 tempore
578 1938 682 2006 percipi
695 1937 816 1992 debeat·
840 1944 879 1992 34.
898 1938 956 1990 Au-

110 2010 170 2085 dire
190 2015 219 2066 te
238 2013 364 2081 arbitror,
386 2013 482 2082 Scipio,
503 2014 601 2080 hospes
622 2013 794 2074 tuusavitus
813 2013 956 2066 Masinissa

110 2105 180 2156 quac
192 2089 275 2143 faciat
288 2089 369 2143 hodie
386 2090 535 2156 nonaginta
550 2092 630 2142 natus
643 2105 742 2154 anuos;
760 2105 844 2155 quum
855 2088 955 2154 ingres-

111 2177 156 2215 sus
167 2164 221 2223 iter
232 2163 348 2233 pedibus
358 2161 408 2232 sit,
425 2164 455 2216 in
469 2181 569 2232 equum
587 2165 695 2217 omniuo
707 2179 761 2216 non
775 2162 942 2215 adscendere
949 2183 956 2228 ;

111 2252 194 2304 quum
218 2254 295 2306 equo,
310 2257 354 2303 ,ex
378 2256 449 2308 equo
472 2257 525 2293 non
550 2239 729 2303 descendere;
758 2236 832 2290 nullo
860 2237 956 2304 imbre,

110 2310 184 2362 nullo
194 2311 296 2378 frigore
307 2314 407 2367 adduci
422 2318 455 2368 ut
471 2316 561 2383 eapite
572 2317 668 2380 operto
680 2314 730 2377 sit;
747 2328 879 2365 summam
897 2330 958 2367 esse

110 2383 140 2435 iu
158 2399 191 2435 eo
210 2385 331 2452 eorporis
349 2387 513 2454 siceitatem
534 2389 628 2455 itaquo
646 2388 736 2441 omnia
754 2389 866 2457 exsequi
884 2391 957 2458 regis

111 2457 199 2511 officia
217 2460 247 2512 et
265 2475 384 2515 munera.
420 2462 515 2516 Potest
532 2462 617 2530 igitur
635 2463 795 2517 exercitatio
810 2469 841 2520 et
851 2468 957 2534 tempo-

110 2532 201 2661 ragtia
218 2533 302 2589 etiam
322 2534 351 2589 iu
372 2540 513 2592 senectute
536 2553 696 2592 conservare
719 2538 824 2607 aliquid
846 2542 956 2610 pristini

109 2623 141 2661 ro
161 2625 223 2664 ons.
258 2641 260 2646 ·
334 2658 337 2665 .
710 2651 712 2655 ψ
815 2663 818 2672 ,
900 2642 903 2653 ·

38 2758 42 2765 .
162 2684 214 2740 ΧΙ.
250 2687 314 2742 Nou
331 2693 395 2744 sunt
413 2690 441 2743 iu
459 2694 599 2746 senectute
611 2691 690 2746 vires.
727 2689 957 2762 Nepostulnntur

18 2828 21 2842 .
111 2760 222 2828 quidem
233 2763 305 2818 uiros
315 2781 333 2838 a
345 2769 491 2821 senectute.
527 2768 601 2835 Ergo
618 2771 647 2822 et
664 2767 771 2837 legibus
782 2771 811 2822 et
822 2768 956 2821 institutis

110 2839 189 2890 vacat
201 2841 278 2893 aetas
289 2844 383 2894 nostra
394 2841 554 2896 muneribus
570 2844 605 2896 iis
623 2860 693 2912 quae
707 2860 761 2896 non
771 2846 886 2911 possunt
898 2843 956 2895 sine

109 2910 215 2966 'viribus
233 2915 371 2970 sustineri.
406 2916 505 2985 Itaque
525 2935 580 2971 nou
600 2919 684 2972 modo
702 2918 785 2984 quod
795 2932 860 2965 nos
870 2927 977 2972 affl·

110 3002 178 3055 mue,
186 2989 236 3044 sed
244 2981 279 3064 ue
292 2994 428 3067 quantum
435 3009 589 3064 possumus
601 2993 724 3061 quidem
733 2987 879 3048 ΜΞΝ·
893 2981 950 3020 Ἦῦ·
962 2972 1009 3013 N*

103 3060 144 3114 ita
154 3065 237 3122 multi
248 3073 318 3126 snut
331 3070 474 3128 imbecilli
484 3087 573 3128 senes
589 3072 631 3122 nt
644 3063 770 3120 nullum
786 3046 880 3103 effi
892 3039 955 3087 m
969 3039 1027 3073 “l“

884 3110 891 3120 ι
1019 3097 1027 3120 5

94 3135 164 3194 uiuo
180 3141 257 3202 uitae
269 3141 384 3208 munus
402 3149 532 3222 exsequi
547 3143 682 3219 possint.
726 3133 773 3184 Μ
785 3122 829 3173 'uu
846 3107 983 3174 mmm
992 3102 1025 3132 xx
