2084 3404
130 116 161 170 lt)
324 114 339 158 s
352 117 390 168 M.
409 117 534 169 TULLII
552 115 741 167 CICERONIS

159 211 161 214 ’
180 200 275 255 XVII.
294 207 334 256 59.
353 201 456 255 Multas
468 203 504 254 ad
516 217 560 254 res
573 199 705 268 perutiles
715 197 903 268 Xenophontis
912 195 976 253 libri

131 280 200 344 sunt,
220 294 288 345 ques
308 277 400 345 legite,
421 292 530 346 quaese,
552 276 681 343 studiose,
701 281 733 330 ut
753 276 851 329 facitis.
888 276 976 340 Quam

130 354 236 422 copiose
247 354 282 407 ab
294 370 326 408 ee
339 355 505 422 agricultura
517 352 646 405 laudatur
657 352 687 405 in
699 369 731 407 eo
743 352 813 405 libre
826 351 872 420 qui
885 356 928 404 est
941 352 976 404 de

130 429 230 482 tuenda
244 447 275 483 re
290 430 424 496 familiari,
437 430 484 497 qui
503 428 697 482 Oeconomicus
707 428 886 483 inscribitur!
925 430 976 481 At-

130 523 182 572 que
195 510 227 559 ut
243 506 403 573 intelligatis
419 505 485 557 nihil
500 504 525 558 ei
541 508 599 557 tam
614 505 706 573 regale
718 504 806 558 videri
822 521 904 573 quarn
919 509 975 557 stu-

130 581 203 634 dium
224 583 283 650 agri
302 582 415 646 colendi,
437 581 563 634 Socrates
581 580 611 633 in
632 596 664 633 ee
683 581 754 634 libre
773 581 895 649 loquitur
914 598 975 634 cum

130 657 278 723 Critobulo,
292 658 391 725 Cyrum
406 657 546 722 minorem,
559 672 653 723 regem
667 657 820 723 Persarum,
836 661 975 723 praestan·

129 736 184 785 tem
196 732 303 800 ingenio
316 736 399 800 atque
414 731 522 800 imperii
536 732 629 799 gloria,
644 748 726 799 quum
744 732 883 800 Lysander
895 734 976 787 Laco·

128 807 284 861 daemonius
298 809 340 862 vir
357 824 479 861 summae
490 809 601 861 virtutis
613 809 732 861 uenisset
748 808 785 860 ad
801 826 863 862 eum
882 810 975 864 Sardis

128 884 207 951 eique
224 884 294 937 dena
311 902 328 938 a
344 884 422 938 sociis
440 883 586 949 attulisset,
599 888 629 936 et
644 884 743 937 ceteris
760 885 788 936 in
806 885 888 937 rebus
905 901 975 938 conr-

128 976 235 1014 munem
255 977 320 1028 erga
338 953 507 1029 Lysandrum
525 963 609 1027 atque
627 960 773 1012 humanum
791 960 882 1026 fuisse,
902 966 931 1014 et
949 963 974 1015 ei

128 1035 264 1107 quendam
275 1040 451 1105 consaeptum
468 1052 564 1104 agrum
576 1035 723 1104 diligenter
737 1036 871 1089 censitum
885 1043 975 1090 osten-

128 1111 207 1166 disse.
245 1113 334 1177 Quum
350 1117 443 1166 autem
458 1113 641 1166 admiraretur
657 1111 795 1181 Lysander
811 1115 840 1166 et
856 1115 974 1181 proceri-

129 1188 199 1242 tates
223 1189 351 1243 arborum
372 1194 401 1243 et
423 1188 542 1242 directos
565 1188 594 1241 in
615 1189 792 1257 quinormeom
815 1189 926 1243 ordines
946 1194 975 1243 et

127 1263 239 1318 humum
258 1265 397 1319 subactam
415 1269 499 1334 atque
517 1282 612 1332 puram
632 1269 661 1318 et
679 1266 841 1319 suavitatem
860 1266 973 1319 edorum

128 1339 174 1407 qui
194 1342 351 1395 afflarentur
370 1359 385 1394 e
404 1341 523 1405 floribus,
542 1345 601 1393 tum
622 1358 683 1394 eum
704 1341 813 1407 dixisse,
832 1341 925 1393 mirari
944 1359 974 1394 sc

127 1431 178 1468 nen
198 1417 278 1469 mede
294 1416 463 1483 diligentiam
482 1415 630 1468 sedetiam
647 1416 794 1469 sollertiam
813 1415 873 1482 ejus
889 1432 905 1467 a
920 1432 973 1482 que

128 1496 226 1544 essent
230 1491 276 1544 illa
286 1492 409 1543 dimensa
421 1495 504 1558 atque
514 1489 660 1558 discripta;
677 1494 706 1543 et
718 1492 742 1544 ei
752 1490 852 1558 Cyrum
864 1507 973 1559 respon·

128 1566 214 1620 disse:
238 1567 325 1634 Atqui
340 1582 391 1634 ego
406 1565 496 1619 omnia
513 1564 568 1617 ista
586 1581 646 1618 sum
660 1565 816 1630 dimensus;
838 1566 891 1619 mei
909 1568 974 1618 sunt

127 1642 244 1708 ordines,
258 1659 319 1695 mea
331 1639 488 1709 discripti03
505 1640 608 1694 multae
621 1641 703 1694 etiam
718 1642 832 1695 istarum
845 1642 973 1696 arborum

127 1731 280 1772 meamanu
293 1723 356 1771 suet
369 1722 450 1771 satae.
470 1716 551 1769 Tum
564 1716 734 1784 Lysandrum
747 1718 897 1772 intuentem
910 1736 974 1787 pur·

126 1809 223 1863 puram
240 1794 299 1862 ejus
315 1798 344 1847 et
360 1794 477 1847 nitorem
496 1791 615 1861 corperis
634 1798 817 1862 ornatumque
833 1795 972 1848 Persicum

127 1872 213 1924 multe
232 1887 298 1924 aure
319 1871 467 1937 multisque
491 1869 606 1938 gemmis
626 1868 743 1935 dixisse;
769 1870 834 1924 Rite
853 1887 916 1924 vere
936 1875 972 1938 te,

128 1947 204 2014 Cyre,
220 1947 330 2000 beatum
344 1946 443 2013 ferunt,
456 1945 589 2014 quoniam·
598 1946 695 2000 virtuti
709 1950 774 2000 tuae
788 1945 897 2000 fortuna
913 1963 974 2000 cen·

125 2019 220 2090 juncta
237 2026 286 2076 est.
323 2028 362 2076 60.
391 2021 449 2074 Hac
466 2020 551 2089 igitur
570 2022 679 2076 fortuna
696 2023 749 2075 frui
766 2021 831 2076 lieet
849 2022 973 2087 senibus;

127 2114 177 2151 nee
190 2101 266 2152 aetas
282 2096 465 2167 impediique
481 2097 569 2150 minus
585 2101 614 2152 et
628 2102 780 2152 ceterarum
794 2115 885 2151 rerum
900 2104 929 2151 et
945 2099 972 2150 in

127 2174 221 2242 primis
235 2175 293 2242 egri
310 2172 415 2228 colendi
430 2173 522 2226 studia
536 2177 678 2228 teneamus
693 2174 830 2243 usquead
846 2174 971 2227 ultiurum

128 2253 235 2320 tempus
248 2245 404 2305 senectutis.
422 2268 424 2271 ·
441 2249 478 2302 M.
491 2250 603 2317 quidem
619 2251 754 2304 Valerium
768 2251 884 2304 Corvum
899 2267 973 2304 acee-

127 2327 216 2393 pimus
235 2325 272 2381 ad
290 2327 468 2380 centesimum
489 2342 588 2379 aunum
608 2326 777 2396 perduxisse,
796 2343 879 2394 quum
901 2329 975 2380 esset

128 2405 189 2454 ueta
197 2402 256 2469 jam
268 2407 360 2456 aetate
371 2403 399 2455 in
412 2404 485 2470 agris
498 2419 598 2471 eosque
610 2404 727 2468 celeret3
744 2403 821 2471 eujus
835 2404 908 2457 inter
919 2403 975 2471 pri-

128 2493 201 2528 mum
215 2482 243 2530 et
258 2483 366 2531 sextum
378 2478 548 2532 consulatum
563 2496 611 2532 sex
624 2483 653 2533 et
665 2480 848 2547 quadraginta
862 2479 924 2531 anni
936 2478 975 2529 in-

128 2553 289 2606 terfuerunt.
314 2553 359 2606 Ita
371 2557 505 2622 qnantum
518 2556 636 2624 spatium
649 2558 748 2608 aetatis
760 2556 877 2623 majores
888 2551 986 2605 nestri·

128 2628 164 2681 ad
179 2629 326 2682 senectutis
344 2629 453 2682 initium
469 2647 529 2683 esse
546 2631 697 2698 voluerunt,
713 2634 806 2684 tantus
822 2630 861 2682 illi
880 2645 975 2683 cursus

128 2704 260 2757 honorum
278 2705 346 2769 fuit;
371 2708 454 2773 atque
474 2705 533 2773 ejus
553 2710 677 2760 extrema
696 2711 771 2760 aetas
793 2706 844 2759 lrec
867 2705 975 2759 beatior

129 2797 210 2848 quam
222 2779 410 2911 media,quedt
418 2782 589 2835 auctoritatis
600 2781 719 2837 habebat
730 2784 799 2850 plus,
811 2781 911 2836 laboris
925 2781 974 2833 mi

129 2873 188 2911 nus.
214 2857 295 2925 Apes
308 2861 410 2911 estant
412 2875 454 2911 em
468 2859 614 2911 senectutis
627 2859 781 2912 auctoritas
808 2864 849 2913 61
868 2858 975 2922 Quanta

119 2932 207 2979 mit·
192 2950 224 2982 111
242 2933 274 2985 L
291 2933 408 2986 Caecilio
424 2935 483 2988 Met
485 2935 550 2988 elle!
576 2934 704 3002 quanta
696 2952 724 2987 ur
744 2935 831 2989 Atilio
850 2933 975 2988 Calatino

98 2997 132 3041 “¹¹
151 3015 239 3060 quem
254 3007 330 3058 illud
350 3010 472 3077 elogium
493 3011 622 3068 unicum:
647 3011 788 3067 Plurimae
806 3009 977 3080 consentiunt-

50 3069 219 3179 Jsssst‘ffs.
196 3080 305 3140 ΡΟΡΠῘῙ
315 3084 495 3148 Primarium
513 3089 643 3146 fuisse
619 3107 723 3146 nrum.
757 3089 871 3144 Notum
880 3089 927 3140 est
936 3099 982 3136 ear

155 3144 320 3203 meisum'
306 3172 340 3211 ιιι
359 3166 511 3234 sepulcre
550 3169 632 3228 Jure
644 3170 738 3242 igitur
758 3166 858 3239 grauis
876 3155 992 3230 citime
