2084 3404
100 130 115 176 2
332 125 371 174 Μ.
389 125 513 174 TULLII
530 125 735 175 CICERONIS·

100 205 196 259 Aristo
208 204 299 272 chius,
317 203 504 277 parumenim
522 210 596 260 esset
612 205 785 261 auctoritatis
802 204 831 259 in
847 203 947 274 fabula,

100 281 150 334 sed
168 281 206 334 Μ.
220 280 316 334 Catoni
329 280 396 348 seni,
413 297 466 348 quo
485 280 617 349 majorem
629 282 820 336 auctoritatem
832 281 948 336 haberet

100 357 196 410 oratio.
241 357 326 424 Apud
350 372 432 425 quem
457 357 580 410 Laelium
604 361 634 411 et
658 359 811 426 Scipionem
834 358 947 412 facimus

100 432 267 486 admirantes
280 433 355 500 quod
370 433 393 485 is
410 435 469 486 tam
486 433 564 486 facile
576 436 745 487 senectutem
760 434 839 500 ferat
859 434 948 502 iisque

100 524 163 562 eum
181 508 413 576 respondentem„
435 507 488 572 Qui
507 508 530 561 si
548 508 683 562 eruditius
700 509 839 562 videbitur
855 509 948 578 dispu-

100 587 160 638 tare
190 601 272 652 quam
300 582 442 637 consucvit
469 583 579 651 ipsein
603 584 660 638 suis
689 584 774 652 libris,
797 585 947 639 attribuito

101 659 213 712 Graecis
240 659 343 712 litteris
371 675 488 729 quarum
516 662 624 713 constat
654 676 716 713 eum
744 661 948 728 perstudiosum

100 734 185 788 inisse
202 735 231 789 in
249 732 397 789 seneetdte.
434 733 490 788 Sed
509 734 577 803 quid
597 751 665 803 opus
686 739 728 788 est
749 736 847 804 plural
883 736 948 789 Jam

32 848 35 852 -
101 811 173 864 enim
192 810 276 879 ipsius
297 811 408 865 (latoius
426 826 515 864 senno
533 811 681 880 explicabit
701 814 822 864 nostram
840 828 948 866 omnem

101 886 137 939 de
156 890 297 940 senectute
315 887 488 941 sententiam.

154 962 194 1014 ll.
229 969 253 1015 4.
277 962 378 1016 Sermo.
415 962 615 1031 Saepenumero
636 962 766 1016 admirari
790 962 863 1018 soleo
885 981 948 1018 cnm

100 1037 151 1091 hoc
160 1033 187 1089 O.
197 1036 289 1090 Laelio
297 1054 381 1105 quum
393 1041 546 1093 ceterarum
558 1054 650 1092 rerum
666 1042 743 1092 tuam
761 1039 947 1109 excellentem,

101 1112 139 1165 M.
159 1113 235 1181 Cato,
257 1114 462 1183 perfectamque
486 1113 657 1184 sapientiam
679 1119 739 1169 tum
762 1115 805 1168 vel
831 1116 948 1170 maxime

101 1189 175 1255 quod
191 1205 330 1259 nunquam
346 1193 517 1247 senectutem
535 1189 586 1244 tibi
602 1207 714 1258 gravem
732 1208 791 1245 esse
809 1192 947 1261 senserim,

101 1281 172 1332 quae
184 1266 323 1336 plerisque
332 1265 442 1320 senibus
454 1267 493 1320 sic
504 1266 599 1320 odiosa
617 1271 660 1321 est
677 1270 709 1321 ut
727 1284 795 1321 onus
811 1285 840 1321 se
857 1270 949 1322 Aetna

100 1342 210 1407 maritis
222 1342 314 1396 dicant
326 1343 470 1396 sustinere.
506 1343 592 1396 Caro.
617 1343 687 1396 Rem
704 1343 779 1397 haud
796 1360 860 1396 sane
879 1343 948 1396 diffi-

101 1415 186 1481 cilem,
200 1415 290 1485 Scipio
303 1420 332 1469 et
345 1416 428 1484 Laeli,
444 1416 574 1471 admirari
586 1417 722 1472 videmini.
758 1417 863 1481 Quibus
875 1419 948 1472 enim

100 1491 168 1544 nihil
187 1494 229 1544 est
245 1491 273 1544 in
289 1490 355 1559 ipsis
371 1491 430 1559 opis
450 1491 487 1544 ad
504 1492 575 1545 bene
592 1491 728 1561 beateque
745 1493 898 1562 vivendum,
914 1493 948 1547 iis

101 1567 189 1620 omnis
200 1571 276 1620 aetas
287 1567 379 1634 gravis
395 1570 454 1620 est:
473 1567 521 1635 qui
539 1570 631 1620 autem
644 1568 733 1620 omnia
744 1568 816 1622 bona
827 1585 844 1621 a
856 1568 948 1638 seipsi

101 1645 207 1710 petunt,
224 1642 259 1696 iis
277 1641 344 1695 nihil
356 1646 449 1711 potest
464 1642 566 1695 malum
577 1642 665 1696 videri
683 1644 758 1712 quod
769 1648 884 1698 naturae
901 1662 948 1699 ne-

99 1718 214 1772 cessitas
225 1718 329 1772 afferat.
367 1718 426 1782 Quo
442 1719 469 1771 in
485 1735 585 1786 genere
602 1723 645 1772 est
660 1719 797 1788 inprimis
815 1724 947 1788 senectus,

102 1811 184 1862 quam
201 1797 233 1847 ut
251 1794 436 1863 adipiscantur
455 1810 547 1847 omnes
566 1796 669 1863 optant,
690 1795 805 1849 eandem
821 1800 949 1851 accusant

101 1871 247 1939 adeptam:
267 1874 345 1924 tanta
366 1874 409 1923 est
433 1869 566 1924 stultitiae
587 1871 767 1925 inconstantia
787 1875 870 1941 atque
887 1889 949 1940 per-

102 1946 225 2000 versitas.
262 1945 404 2014 Obrepere
415 1946 493 1999 aiunt
507 1962 566 1998 eam
580 1946 661 1999 citius
678 1943 760 2015 quam
772 1949 948 2016 putavissent.

103 2017 233 2086 Primum,
257 2022 319 2090 quis
341 2021 430 2089 coegit
449 2038 495 2074 eos
515 2021 620 2085 falsum
634 2024 750 2090 putaret
786 2023 840 2087 Qut
877 2024 948 2078 enim

102 2097 183 2155 eitius
194 2096 392 2151 adolescentiae
404 2100 529 2150 senectus
545 2113 627 2163 quam
643 2098 777 2165 pueritiae
794 2099 949 2152 adolescen-

101 2171 141 2226 tia
153 2171 279 2240 obrepiti
315 2173 430 2239 Deinde,
450 2174 498 2240 qui
515 2172 604 2225 minus
622 2173 713 2241 gravis
729 2177 803 2226 esset
813 2175 848 2226 iis
859 2191 949 2228 sence-

101 2252 155 2317 tus,
168 2249 192 2303 si
204 2248 459 2318 octingentesimum
477 2265 578 2302 annum
596 2252 710 2318 agerent
723 2266 805 2318 quam
816 2252 950 2319 octogesi-

101 2328 197 2381 muml
238 2325 392 2380 Praeterita
413 2325 484 2380 enim
509 2328 585 2378 aetas
608 2326 733 2395 quamvis
757 2326 838 2394 longa
865 2343 950 2395 quum

102 2401 258 2469 effluxisset,
270 2403 345 2456 nulla
356 2402 538 2456 consolatione
549 2401 718 2470 permulcere
730 2406 822 2470 posset
837 2403 949 2456 stultam

100 2479 279 2530 senectutem.
317 2484 342 2530 5.
369 2478 500 2542 Quocirca
512 2478 535 2531 si
548 2477 707 2544 sapientiam
720 2495 808 2532 meam
821 2477 950 2530 admirari

102 2549 203 2617 soletis,
220 2567 291 2617 quoe
303 2551 406 2605 utinam
420 2551 502 2618 digna
518 2555 592 2604 esset
608 2553 733 2619 opinione
744 2555 836 2606 vestra
848 2556 951 2604 nostro

101 2642 158 2695 que
173 2626 338 2693 cognomine,
359 2628 388 2679 in
405 2627 457 2680 hoc
473 2642 566 2679 sumus
585 2626 720 2695 sapientes
735 2629 809 2695 quod
824 2630 950 2680 naturam

102 2700 234 2770 optimam
252 2702 349 2755 ducem
365 2705 505 2769 tamquam
524 2701 607 2754 deum
627 2703 766 2770 sequimur
783 2701 863 2769 eique
874 2718 951 2770 pare

103 2793 182 2842 mus;
199 2793 216 2830 a
233 2794 288 2845 qua
306 2794 361 2830 non
379 2778 438 2831 veri
457 2775 545 2830 simile
562 2779 612 2843 est,
631 2793 714 2845 quum
732 2780 840 2830 ceterae
858 2781 951 2846 portes

103 2853 204 2908 aetatis
216 2853 286 2907 bene
306 2853 453 2921 discriptae
466 2853 528 2919 siut,
542 2855 695 2906 extremum
707 2855 797 2906 actum
810 2855 951 2921 tamqnam

102 2928 139 2980 ab
158 2929 240 2983 inerti
259 2934 343 2997 poeta
364 2946 423 2983 csse
443 2929 606 2996 neglectum.
645 2928 700 2983 Sed
724 2933 816 2995 tanton
840 2945 951 2984 necesso

80 2999 142 3046 tiu‘t
164 3017 227 3052 esse
247 3005 358 3071 aliquod
378 3009 537 3061 extremum
562 3008 592 3060 et
615 3008 760 3076 nusquam
776 3005 809 3058 in
825 3003 954 3058 arborum

32 3056 37 3117 Ι
63 3061 147 3140 dael&
166 3075 323 3144 terraeque
343 3083 478 3152 frugibus
505 3086 677 3142 maturitate
700 3082 873 3153 tempestiva
889 3079 965 3147 qdod

46 3133 160 3190 netum
171 3147 207 3197 ⁰2
215 3151 368 3226 caducum,
380 3163 464 3235 quod
478 3164 639 3226 ferendum
653 3167 703 3222 est
709 3161 838 3222 molliter
853 3151 975 3230 sapienti
