2084 3404
121 117 153 164 44
349 109 395 166 M„
406 105 534 156 TULLII
546 104 752 164 CICERONIS·

120 195 187 263 dixi,
208 193 307 262 siqua
328 187 491 258 significatio
511 186 622 241 virtutis
645 184 751 239 eluceat
773 186 810 239 ad
833 203 916 255 quam
940 203 970 242 se

120 270 217 331 similis¹
230 269 336 324 animus
348 265 469 335 applicet
484 266 513 318 et
527 262 667 331 adjungat,
683 261 714 314 id
730 278 813 330 quum
828 262 969 330 contingit,

121 362 197 398 arnor
209 345 349 399 exoriatur
360 357 472 396 necesse
484 342 535 393 est.
569 344 610 391 49.
629 337 703 402 Quid
714 338 786 390 euim
802 342 859 392 tam
876 337 969 391 absur-

121 421 187 474 dum
205 437 287 489 quum
305 417 438 472 delectari
453 415 548 468 multis
564 413 691 467 inanibus
707 412 797 479 rebus,
813 418 844 467 ut
860 413 969 479 honore,

121 500 154 551 ut
175 495 269 565 gloria,
293 499 326 550 ut
349 492 480 559 aedilicio,
503 495 536 544 ut
559 491 663 545 vestitu
686 490 817 558 cultuque
842 491 969 558 eorporis,

121 573 210 626 animo
225 576 318 627 autem
333 571 438 624 virtute
451 568 578 637 praedito
593 567 687 635 coqui
702 566 745 620 vel
758 583 857 632 amare,
872 567 922 632 vel,
937 571 970 619 ιιι

120 649 162 702 ita
182 648 278 716 dicam,
298 647 442 701 redamare
462 644 557 713 possit,
578 659 632 697 non
651 643 798 696 admodum
820 643 970 697 delectarit

122 724 197 778 Nihil
210 727 253 777 est
266 722 339 776 enim
351 720 570 775 remuneratione
580 719 793 785 benevolentiae,
807 719 875 771 nihil
892 719 969 772 vicis-

121 799 243 854 situdine
256 798 410 851 studiorum
425 796 629 862 officiorumque
637 795 794 862 jucundius.
829 801 871 848 50.
889 794 967 858 Quod

121 875 143 927 si
154 875 222 930 illud
231 877 315 931 etiam
328 874 463 940 addimus,
473 873 547 940 quod
558 876 635 925 recte
641 871 707 924 addi
719 876 818 939 potest,
828 872 894 923 nibil
908 888 969 924 esso

121 951 196 1019 quod
207 951 244 1004 ad
259 967 289 1005 se
300 966 360 1005 rem
372 950 455 1002 ullam
469 951 526 1001 tam
536 948 638 1001 alliciat
650 951 679 1000 et
687 951 744 1000 tam
752 947 875 1000 attrahat
887 964 968 1014 quam

122 1026 313 1090 adamicitiam
325 1024 482 1089 similitudo
488 1023 655 1078 concedetur
665 1024 788 1090 profecte
799 1039 895 1076 rerum
908 1040 970 1077 esse

121 1107 152 1155 ut
159 1102 244 1156 bonos
252 1102 316 1156 boni
323 1100 656 1170 diligautadsciscantque
665 1098 717 1151 sibi
725 1099 803 1167 quasi
811 1099 969 1168 propinqui-

122 1181 186 1243 tate¹
195 1178 355 1246 coujunctos
366 1182 451 1246 atque
462 1181 567 1231 natura.
602 1174 679 1229 Nihil
696 1179 739 1229 est
754 1174 827 1228 euim
839 1180 969 1243 appeten·

123 1254 177 1307 tius
189 1253 318 1308 similium
333 1254 384 1322 sui,
399 1253 468 1307 nihil
482 1253 615 1321 rapacius,
632 1268 713 1320 quam
729 1255 835 1305 natura
871 1251 970 1316 Quam-

122 1330 216 1384 obrem
228 1331 280 1385 boe
291 1331 410 1400 quidem,
421 1330 547 1395 Fanniet
556 1328 692 1394 Scaevola,
703 1331 819 1393 constat,
827 1330 859 1379 ut
868 1327 969 1394 opinor,

121 1405 200 1459 bonis
210 1406 284 1470 inter
295 1406 380 1459 bonos
391 1405 469 1473 quusi
484 1404 664 1458 neeessariam
680 1402 905 1467 benevolentiam,
922 1403 969 1470 qui

121 1484 165 1535 est
184 1482 322 1536 amicitiae
344 1481 406 1536 fons
428 1497 445 1533 a
467 1483 567 1534 natura
589 1478 761 1532 constitutus.
796 1477 853 1531 Sed
871 1478 969 1532 cadem

121 1557 228 1611 bonitas
240 1556 324 1611 etiam
336 1556 372 1610 ad
383 1555 589 1610 multitudinem
600 1554 728 1621 pertinet
764 1553 789 1608 N
792 1570 826 1606 ou
841 1557 883 1607 cst
897 1553 969 1607 enim

76 1694 80 1699 ,
121 1633 268 1686 inhumana
284 1634 373 1687 virtus
389 1649 480 1701 neque
498 1630 627 1684 immunis
643 1646 733 1699 neque
754 1628 878 1697 superba,
899 1646 971 1697 quae

122 1708 205 1762 etiam
221 1708 335 1778 populos
351 1709 492 1762 universos
507 1706 580 1760 tucri
598 1705 692 1775 eisque
710 1706 813 1775 optime
830 1706 970 1759 consulere

63 1840 69 1851 ,
122 1784 226 1851 soleat;
244 1783 319 1854 quod
335 1800 389 1838 non
406 1784 509 1837 faceret
526 1781 658 1850 prolecto,
679 1781 702 1835 si
723 1798 740 1835 a
759 1781 875 1835 caritate
895 1782 969 1849 uulgi

121 1859 288 1915 abhorreret
322 1867 363 1915 51.
382 1862 478 1927 Atque
489 1859 572 1912 etiam
584 1857 650 1910 mihi
662 1857 775 1926 quidem
784 1857 912 1922 uidentur
921 1857 969 1925 qui

121 1935 251 1990 utilitatis
263 1952 345 1990 eausa
359 1937 466 2004 lingunt
479 1933 614 1988 amicitias
625 1933 852 1988 amabilissimum
867 1933 970 1986 nodum

121 2010 262 2067 amicitiae.
280 2012 385 2068 tollere.
420 2011 483 2065 Non
506 2010 580 2064 enim
603 2014 660 2064 tam
684 2010 790 2064 utilitas
814 2013 894 2077 parta
918 2025 972 2077 per

121 2086 237 2140 amicum
249 2103 331 2155 quam
340 2087 420 2140 amici
430 2102 507 2140 arnor
514 2087 574 2154 ipse
583 2085 719 2150 delectam
729 2088 843 2153 tumque
851 2085 920 2137 illud
929 2085 970 2151 fit,

121 2162 196 2230 quod
207 2161 243 2216 ab
254 2163 341 2216 amico
352 2166 396 2216 est
409 2161 571 2232 proiectum,
580 2161 743 2229 jucundum,
759 2160 782 2212 si
799 2176 860 2214 cum
877 2160 971 2213 studio

121 2242 163 2293 est
180 2239 350 2306 proiectum:
367 2242 531 2307 tantumque
552 2237 631 2292 abest
650 2241 683 2291 ut
701 2235 837 2291 amicitiae
855 2240 971 2304 propter

121 2313 298 2383 indigentiam
310 2314 441 2382 colantur,
453 2317 487 2369 ut
497 2314 517 2368 ii
529 2314 575 2382 qui
588 2313 686 2382 opibus
700 2316 730 2366 et
743 2313 829 2381 copiis
841 2313 970 2366 maxime-

121 2406 176 2458 que
196 2390 299 2444 virtute
319 2390 445 2460 praediti,
465 2391 494 2447 in
518 2407 574 2459 qua
595 2390 742 2458 plurimum
766 2392 810 2442 est
831 2389 971 2457 praesidii,

121 2465 233 2519 minime
254 2467 368 2520 alterius
390 2467 540 2535 indigeant,
559 2465 742 2520 liberalissimi
762 2464 819 2519 sint
839 2467 869 2518 et
887 2463 970 2517 bene⁴

121 2541 297 2596 ficentissimi.
334 2544 428 2613 Atque
446 2543 520 2596 haud
538 2543 593 2596 scio
611 2560 645 2596 an
663 2559 697 2595 ne
715 2558 784 2609 opus
801 2541 838 2594 sit
859 2540 970 2608 quidem

121 2616 188 2670 uihil
202 2633 322 2684 unquam
339 2618 447 2672 omnino
465 2618 562 2671 deesse
579 2618 681 2671 amieis.
715 2616 771 2670 Ubi
790 2615 861 2668 enim
879 2615 971 2668 studia

121 2696 215 2746 uestra
227 2692 423 2760 viguissentsi
439 2710 579 2760 nunquam
596 2693 714 2758 consili0,
731 2706 870 2758 nunquam
887 2707 971 2758 opera

121 2772 215 2823 nostra
225 2767 414 2822 needominee
422 2769 536 2822 militiae
545 2767 779 2836 Scipioeguissetl
813 2765 971 2832 Nonigitur

121 2845 268 2899 utilitatem
280 2844 408 2912 amicitia,
421 2845 471 2898 sed
482 2844 589 2898 utilitas
599 2844 745 2899 amicitiam
757 2844 902 2905 consecuta
912 2845 962 2896 cst

173 2921 236 2975 XV.
259 2927 300 2977 5⁸2.
317 2921 344 2974 N
345 2937 380 2975 on
392 2938 458 2989 erge
470 2924 553 2975 crunt
563 2921 686 2974 homines
699 2919 803 2972 deliciis
814 2918 971 2976 diffluentes

102 2994 246 3072 audibam,
273 2997 300 3048 si
322 2999 436 3066 quando
460 2999 497 3054 de
520 2998 641 3054 andeitia
664 3012 747 3066 quam
768 3011 818 3048 nec
842 3011 893 3047 usu
919 3010 971 3048 nec

85 3063 204 3116 radone
221 3068 336 3127 babent
353 3077 500 3144 cognitam
524 3075 723 3148 disputabunt.
738 3071 833 3126 num
852 3071 915 3135 quis
932 3072 989 3131 est,

63 3138 127 3185 1¹¹0
147 3135 239 3194 deum
258 3143 352 3206 tidem
382 3156 664 3229 atqua'liomiuum,
682 3152 735 3227 qui
753 3148 840 3215 uelit,
854 3147 894 3198 ut
908 3156 1005 3206 ww
