2084 3404
103 119 152 184 iol
335 127 371 181 n.
390 128 516 183 runnu
534 126 723 184 ctoanosls

99 215 237 288 primariis
247 219 361 284 nuptam
375 217 475 281 luisse;
493 216 617 269 omnibus
635 216 713 269 bonis
726 230 811 284 prope
823 207 949 284 perfuse·

98 299 156 347 tam
173 309 248 359 esse;
273 307 416 361 quum-res
434 293 543 360 publica
558 293 702 359 occideret,
719 292 776 345 vita
792 293 948 346 excessisse,

99 369 173 436 Quid
185 369 314 437 estquod
326 373 356 422 ιιι
369 372 417 420 ant
429 369 474 421 illa
487 384 548 420 cum
561 369 669 421 fortuna
686 368 735 421 hoc
748 368 856 421 nornine
870 369 948 436 queri

96 447 225 516 possitisl
262 446 385 513 Denique
401 444 456 497 noli
473 448 503 498 te
518 444 640 497 oblivisci
659 445 818 498 Ciceronem
835 460 902 512 esse,
919 460 948 500 er.

98 539 160 576 curn
179 524 226 591 qui
244 521 304 574 aliis
321 522 459 574 consueris
477 521 635 589 praecipere
655 525 685 574 ct
703 521 769 574 dare
793 522 948 587 consilium;

97 615 187 668 neque
198 599 308 652 imitare
320 598 405 650 malos
417 596 546 664 medicos,
560 598 607 665 qui
619 598 647 651 in
659 598 755 651 alienis
770 599 873 652 morbis
888 614 947 666 pro

97 676 213 729 fitentur
230 678 325 728 tenere
347 690 376 726 se
396 674 548 728 medicinae
568 675 713 737 scientiam,
732 673 784 742 ipsi
804 691 833 728 se
853 691 948 728 curare

97 766 150 804 non
162 753 291 818 possunt;
309 749 357 802 scd
369 750 461 817 potius
473 765 544 819 quae
556 751 616 803 aliis
625 753 686 803 tute
699 751 857 818 praecipere
869 749 948 817 soles,

98 844 129 879 ca
142 830 202 879 tute
211 825 262 879 tibi
275 826 379 893 subjice
389 830 473 894 atquc
482 826 556 894 apud
566 828 684 880 animum
694 842 821 895 propone.
849 826 948 880 Nullus

98 899 176 955 dolor
194 905 237 955 est
257 916 340 969 quem
359 917 412 954 non
434 902 616 970 longinquitas
636 903 769 969 temporis
789 903 895 954 minuat
915 919 948 955 ac

98 976 209 1031 molliat.
233 977 314 1039 *Hoc
325 981 354 1030 ιο
372 983 531 1046 exspectare
555 980 664 1045 tempus
682 977 733 1049 tibi
752 980 833 1044 turpe
854 982 897 1032 est
915 996 947 1032 ae

98 1069 150 1107 non
163 1053 188 1107 oi
201 1053 241 1107 rei
254 1054 390 1122 sapientia
401 1058 449 1107 tua
461 1057 489 1106 te
501 1068 650 1106 occurrere.
678 1052 757 1118 Quod
770 1053 849 1121 siqui
862 1055 952 1108 etiam.

98 1131 191 1184 inferis
204 1147 298 1184 sensus
311 1135 361 1198 est,
374 1130 420 1197 qui
433 1129 507 1182 illius
519 1129 546 1181 in
559 1131 588 1182 te
601 1143 677 1182 amor
690 1129 745 1182 fuit
759 1128 905 1198 pietasque
917 1129 946 1183 in

98 1222 191 1259 onines
203 1222 273 1272 suos,
286 1205 337 1260 hoc
349 1210 424 1259 corte
435 1205 482 1258 illa
492 1208 522 1258 ιο
533 1203 686 1258 lacerenon
699 1202 764 1259 vult.
791 1205 834 1258 Da
845 1206 896 1259 hoc
905 1205 945 1260 illi

98 1287 235 1348 mortuae3
250 1282 286 1335 da
295 1283 394 1335 ceteris
404 1281 496 1334 amicis
506 1297 537 1333 ac
546 1280 783 1351 familiaribus'qui
795 1285 844 1334 tuo
852 1282 946 1335 doloro

97 1362 234 1423 riiaorent;
258 1355 294 1410 da
308 1357 422 1426 patriae,
438 1359 471 1408 ut
485 1356 507 1408 si
524 1370 578 1422 qua
592 1356 620 1408 in
636 1371 667 1409 re
683 1373 752 1425 opus
765 1357 801 1409 sit
818 1372 899 1424 opera
916 1361 945 1412 οι

97 1433 207 1486 consilio
219 1437 267 1486 tuo
279 1433 320 1485 uti
333 1431 425 1499 possit.
463 1431 588 1497 Denique
601 1433 728 1497 quoniam
741 1432 769 1482 in
782 1447 843 1483 eam
858 1432 944 1484 fortu-

97 1523 159 1560 nam
172 1507 330 1559 devenimus
347 1510 379 1558 ut
396 1505 478 1557 ctiam
494 1505 557 1556 huic
569 1505 608 1557 rei
625 1504 701 1557 nobis
714 1506 884 1558 sentiendum
899 1508 943 1574 sit,

96 1583 150 1636 noli
168 1581 339 1635 committere
356 1583 388 1632 ut
405 1579 548 1646 quisquam
566 1583 595 1632 tc
612 1583 693 1647 putet
710 1594 763 1631 non
781 1583 837 1633 tam
859 1580 965 1636 liliam'

97 1675 177 1726 quam
189 1658 230 1711 rei
245 1656 371 1725 publicae
383 1661 506 1722 tempora
517 1658 547 1707 et
559 1654 672 1707 aliorum
684 1655 828 1729 victoriam
841 1657 941 1724 lugere.

97 1731 180 1787 Plura
191 1751 236 1787 nie
247 1732 284 1786 ad
295 1735 324 1785 te
336 1731 372 1783 de
383 1728 434 1782 hae
445 1746 476 1781 re
487 1729 607 1784 scribere
619 1731 714 1798 pudet,
726 1747 762 1784 ne
774 1731 867 1786 videar
878 1750 943 1801 pru-

97 1808 207 1864 dentiae
217 1812 283 1863 tuae
295 1807 424 1861 diffidere.
462 1806 559 1872 Quare,
572 1807 595 1859 si
610 1807 660 1860 hoc
672 1823 755 1861 unum
767 1824 943 1878 proposuero,
1030 1870 1034 1879 ,

39 1928 42 1935 .
97 1885 177 1939 finem
195 1886 292 1938 lamam
310 1881 452 1937 scribendi.
490 1878 617 1936 Vidimus
635 1883 780 1956 aliquoties
795 1887 942 1941 secundam

98 1961 277 2029 pulcherrime
294 1963 324 2012 te
339 1959 412 2012 forno
430 1959 576 2025 fortunam,
588 1976 769 2028 magnamque
781 1978 815 2014 ex
827 1979 861 2016 ea
872 1979 903 2016 ro
914 1966 943 2018 to

96 2035 204 2088 laudem
228 2034 329 2102 apisci;
359 2034 402 2085 lac
422 2034 569 2100 aliquando
592 2035 775 2102 intelligamus
799 2037 941 2092 adversam

96 2128 203 2181 quoque
224 2114 253 2165 to
274 2124 360 2178 aequo
385 2108 457 2161 serre
476 2124 564 2177 posse,
586 2126 676 2177 noque
696 2111 726 2162 id
747 2112 836 2178 majus
860 2130 941 2180 quam

96 2187 196 2241 debeat
211 2186 263 2241 tibi
279 2201 346 2239 onus
362 2183 457 2250 videri,
469 2182 555 2237 ne'ox
572 2185 699 2238 omnibns
714 2186 862 2239 virtutibus
874 2188 942 2242 liaeo

95 2279 149 2317 una
158 2263 209 2317 tibi
221 2261 347 2316 rideatur
359 2259 460 2313 deesse.
498 2259 578 2325 Quod
589 2260 624 2313 ad
637 2275 681 2313 me
693 2261 801 2327 attinet,
813 2278 896 2329 quum
912 2268 942 2318 to

95 2339 311 2407 tranquilliorem
335 2335 424 2390 animo
442 2353 502 2389 esso
520 2344 644 2404 cognoro,
664 2335 750 2390 de'iis
768 2337 851 2391 rebus
871 2355 941 2406 quae

96 2413 138 2468 liic
156 2416 296 2481 geruntur,
315 2411 601 2480 quemadmodumque
622 2418 656 2465 so‘
671 2413 809 2479 provincia
831 2414 940 2483 habeat,

95 2491 239 2542 certiorem
251 2489 353 2541 faciam.
390 2486 466 2541 Vale.

199 2613 236 2658 13.
271 2609 309 2658 M.
329 2609 457 2660 CIUERO
474 2610 502 2660 S:
516 2610 548 2660 D.
567 2610 639 2661 SER.
660 2611 834 2662 SULPIOIO.

367 2699 412 2759 (iv.
425 2703 448 2747 6.
483 2713 509 2748 n.
524 2713 547 2749 n.
562 2714 583 2749 ο.
597 2700 666 2764 709.)

95 2798 153 2869 ligo
172 2811 243 2867 vero,
257 2795 340 2866 Servi,
355 2795 461 2861 vellem,
477 2800 510 2850 ut
529 2797 633 2864 scribis,
654 2797 683 2850 ln
701 2812 762 2852 meo
780 2794 939 2865 gravissimo

93 2891 158 2930 casu
175 2872 315 2929 adfuisses.
336 2872 490 2943 ¹(duantum
509 2872 582 2926 enirn
599 2889 729 2942 praesens
747 2889 791 2926 me
808 2871 939 2941 adjuvare

77 2951 211 3010 potueris
222 2955 252 3005 ct
263 2948 428 3005 consolando
440 2951 470 3003 et
480 2959 565 3018 prope
577 2964 665 3016 aeque
678 2946 801 3016 dolendo,
814 2948 892 3002 facile
905 2966 940 3004 cx

18 3018 39 3151 D
63 3020 241 3092 cointelligo
251 3028 330 3096 qnod
343 3027 436 3085 literis
448 3025 530 3083 leuis
538 3023 712 3097 aliquantum
717 3022 848 3093 aequiori.
868 3024 943 3078 llam

45 3092 83 3139 ⁰⁶
91 3108 126 3143 ⁰²²
135 3097 290 3168 ⁸⁰¹'fllsisti
300 3100 379 3178 quae
390 3108 489 3165 levare
497 3106 610 3163 luctum
619 3105 750 3179 possent,
759 3100 833 3155 etin
839 3114 888 3151 me
897 3112 959 3149 eon-

27 3161 167 3221 solando
184 3189 244 3230 non
264 3185 458 3244 mediocrem
475 3188 541 3261 ipse
560 3185 653 3242 antini
668 3182 798 3237 dolorem
812 3168 977 3226 adimunt·
