2084 3404
68 127 114 177 112
148 123 336 176 CICERONIS
353 122 607 176 EPISTOLARUM
626 122 726 175 LIBRI
743 122 826 175 Di‘O,
884 144 892 157 ·

68 205 920 277 Flaceovolumniodederas;dunspleninresquarumaitersm

67 287 227 341 tabellarius
239 286 268 340 Τ.
282 285 356 339 Vibii
369 287 471 353 attulit,
486 287 600 338 alterum
613 286 649 338 au
665 301 709 338 me
725 286 799 338 misit
818 285 918 354 Lupus.

68 364 109 417 Ex
128 364 183 416 tuis
199 362 287 417 literis
306 366 335 416 et
355 376 388 415 er
411 361 533 415 (inuecti
555 360 677 414 oratione
698 375 751 413 non
766 361 846 413 modo
865 377 920 415 non

67 439 227 492 restinctum
234 439 335 492 bellurn
349 438 492 492 sedetiam
505 434 701 490 inflammatum
715 435 831 491 ridetur.
856 437 882 491 N
885 455 919 491 on

68 513 164 568 dubito
181 520 273 568 autem
291 527 340 583 pro
356 517 405 566 tua
419 512 548 580 singulari
569 511 716 581 prudentia
735 513 799 581 quin
817 515 920 583 perspi·

68 591 130 658 eifr‘s,
141 589 170 647 ,si
185 587 288 659 aliquid
301 588 437 642 firmitatis
448 587 544 642 nactus
557 587 594 642 sit
608 588 751 653 Antonius,
766 591 855 643 omnia
872 595 920 661 tua
976 612 980 619 ·

67 667 113 719 illa
132 665 272 735 praeclara
290 664 317 718 in
338 679 396 718 rem
411 663 547 734 publicam
561 665 659 718 merita
673 663 709 717 ad
729 662 842 718 nihilum
859 683 919 720 esse

15 763 17 767 ·
67 748 188 795 rentura.
213 742 257 794 Ita
265 741 337 793 enim
346 740 460 794 Romam
469 745 529 794 erat
537 742 700 807 nuntiatum,
710 742 750 794 ita
758 756 919 810 persuasum

68 816 197 880 omnibus,
219 834 280 870 eum
304 814 396 885 paucis
420 817 531 870 inermis
554 817 709 885 perterritis
733 822 809 870 metu
832 816 920 872 fracto

67 893 156 945 animo
169 891 270 960 fugisse
283 893 440 946 Antonium.
479 891 530 955 Qui
543 893 566 945 si
578 890 616 945 ita
629 891 753 946 sehabet
771 898 809 959 ut,
827 911 920 962 quem·

68 966 215 1023 admodum
236 967 381 1021 audiebam
403 966 437 1020 de
460 968 597 1035 GraeceiO,
613 968 719 1035 confligi
736 986 797 1021 cum
807 987 846 1037 eo
860 969 919 1024 sine

68 1045 187 1112 periculo
200 1058 253 1098 non
265 1045 360 1113 pessit,
371 1061 424 1096 non
432 1041 478 1096 ille
487 1041 553 1107 mihi
560 1043 661 1112 fugisse
670 1058 686 1096 a
694 1042 801 1096 Mutina
808 1043 919 1100 ridetur

69 1121 117 1174 sed
136 1121 223 1175 laeum
242 1121 306 1174 belli
323 1121 437 1188 gerendi
456 1125 583 1174 mutasse.
621 1119 720 1189 Itaque
734 1111 857 1175 hominos
873 1122 933 1177 alii-

68 1196 132 1250 faeti
146 1201 223 1263 sunt;
239 1195 360 1253 nonnulli
373 1198 454 1250 etiarn
468 1202 619 1266 queruntur
631 1197 704 1265 quod
716 1198 853 1265 persecuti
864 1216 918 1253 non

69 1274 135 1326 sitis.
185 1274 309 1342 Opprimi
332 1275 461 1342 potuisse,
489 1273 512 1327 si
536 1272 662 1327 celeritas
687 1271 810 1327 adhibita
837 1279 918 1344 esset,

69 1350 232 1403 existimant.
270 1350 386 1402 Omnino
403 1355 446 1410 est
463 1348 513 1402 hee
525 1351 623 1418 pepuli,
640 1351 811 1419 maximeque
824 1352 917 1416 nostri,

68 1424 95 1476 in
103 1441 135 1477 eo
142 1425 312 1491 potissimum
321 1424 397 1477 abuti
405 1425 532 1477 libertate
539 1439 589 1492 per
598 1441 679 1492 quem
689 1442 748 1478 eam
756 1431 917 1480 consecutus
942 1440 946 1445 ·

29 1524 33 1532 ·
69 1500 113 1552 sit.
149 1497 203 1552 Sed
216 1504 307 1552 tamen
319 1499 517 1566 providendum
536 1504 578 1551 est
594 1514 628 1551 ne
644 1514 698 1566 qua
712 1497 789 1566 justa
805 1501 917 1567 querela

69 1593 129 1628 esse
139 1573 231 1649 possit.
258 1574 325 1636 ,Res
337 1591 366 1627 se
380 1575 417 1627 sic
429 1573 517 1627 habet.
555 1574 584 1626 Is
596 1571 697 1626 bellum
709 1576 856 1629 confecerit
869 1577 916 1645 qui

71 1652 219 1704 Antonium
232 1649 404 1718 oppresserit.
443 1648 503 1701 Hoc
518 1665 597 1717 quam
615 1648 669 1701 rim
685 1649 785 1704 lrabeat
801 1654 830 1704 te
846 1652 916 1705 exis·

69 1727 167 1780 timere
179 1725 249 1779 maio
261 1741 342 1794 quarn
351 1741 395 1778 me
408 1723 528 1792 apertius
540 1721 666 1777 scribere.
