2084 3404
109 105 139 153 62
449 101 620 152 EPISTULA

109 197 214 263 putare.
251 192 324 257 Quid
344 196 387 247 est
407 193 480 248 eninr
503 192 606 261 negotii
630 192 767 248 continere
791 208 838 247 eos
861 178 962 262 quibus

109 270 219 336 praesis,
241 269 265 322 si
285 272 315 323 te
333 269 391 338 ipse
409 268 566 323 contineas?
603 268 639 323 Id
662 272 754 324 antem
773 269 810 323 sit
829 286 959 337 magnum

108 349 137 398 et
156 345 265 399 difficile
279 345 386 411 ceteris,
401 345 471 398 sicut
492 348 535 398 est
557 344 759 400 difficillimum:
781 345 833 399 tibi
854 348 884 399 et
906 345 961 398 init

108 421 159 475 hoc
176 439 283 490 semper
299 421 455 475 facillimum
468 424 496 474 et
508 437 572 473 vero
585 437 644 474 esse
656 421 760 489 debuit,
772 421 850 489 eujus
861 425 961 475 natura

14 554 16 559 ,
108 497 172 550 talis
184 501 228 551 est
240 502 271 551 ιιι
284 497 367 550 etiam
384 496 440 550 sine
458 495 581 549 doctrina
594 496 720 559 videatur
739 498 880 551 moderata
898 513 960 551 esse

108 573 248 640 potuisse;
272 589 305 626 ea
328 575 420 624 autem
452 570 575 624 adhibita
600 571 724 625 doctrina
754 576 797 626 est
821 589 891 640 quae
915 573 959 627 rel

108 649 310 708 vitiosissimam
330 651 455 700 naturam
475 646 599 700 excolere
618 648 713 716 possit.
749 649 790 702 Τιι
810 665 893 717 quum
913 665 960 717 pe·

108 725 208 790 cuniae,
221 739 305 790 quum
318 722 461 789 voluptati,
474 738 558 790 quum
573 723 693 776 omnium
707 741 799 778 rernm
814 723 958 792 cupiditati

108 799 220 851 resistes
243 801 276 852 ut
298 798 372 864 facis,
391 797 452 864 erit,
477 798 566 865 credo,
586 799 736 865 periculum
754 816 789 853 no
805 800 960 868 improbum

107 873 312 940 negotiatorem,
320 872 409 940 paullo
419 872 586 941 cupidiorem
595 871 768 939 publicanum
780 873 960 942 comprimere

108 965 160 1002 non
172 949 266 1016 possis.
302 949 373 1002 Nam
393 948 489 1002 Graeci
511 947 623 1016 quidem
648 947 686 1000 sic
709 952 738 1001 te
758 948 798 1001 ita
821 949 960 1004 viventem

107 1024 287 1078 intuebuntur
314 1029 346 1078 ut
370 1023 507 1093 quendam
537 1023 730 1077 err-annalium
754 1024 884 1077 memoria
909 1029 960 1080 aut

108 1101 191 1154 ctiam
208 1103 243 1154 dc
262 1101 335 1155 caelo
355 1100 475 1153 divinum
498 1100 635 1153 hominem
658 1116 717 1154 esse
740 1100 768 1153 in
792 1100 960 1169 provinciam

109 1176 249 1246 delapsum
261 1180 368 1247 putent.
404 1182 427 1230 8.
447 1178 542 1245 Atque
560 1175 629 1229 haee
649 1192 727 1243 nunc,
748 1193 802 1229 non
821 1180 853 1230 ut
875 1177 975 1231 facias.

108 1253 200 1307 sedut
213 1252 491 1308 tefaoerectfecisse
510 1252 638 1340 gaudeas,
655 1251 749 1305 scribo
786 1252 959 1306 Praeclarum

108 1333 152 1383 cst
164 1330 235 1383 enim
248 1346 353 1382 summo
364 1346 426 1383 cum
439 1329 564 1395 imperio
574 1328 684 1380 fuisse
677 1345 704 1380 ιιι
725 1327 792 1380 Asia
810 1328 958 1382 triennium

109 1405 147 1457 sic
159 1408 191 1457 ut
206 1405 310 1458 nullum
322 1409 351 1458 te
364 1405 479 1490 signnm,
492 1403 565 1457 nulla
577 1404 690 1471 pictura,
703 1402 806 1455 nullum
818 1419 872 1468 vas,
883 1403 959 1457 nulla

109 1483 170 1532 vest
171 1479 201 1545 is,
158 1478 323 1532 tnnllnm
336 1479 506 1545 mancipium,
518 1477 691 1530 nullaforma
703 1477 871 1546 cujusquam,
883 1478 959 1532 nulla

108 1520 227 1607 conditio
239 1554 376 1621 pecuniae,
390 1552 489 1621 quibus
501 1552 584 1606 rebus
601 1552 724 1606 abundat
739 1554 792 1607 ista
810 1553 958 1622 provincia,

108 1629 144 1682 ab
167 1645 271 1681 summa
300 1628 462 1695 integritate
492 1627 715 1697 continentiaque
745 1629 949 1684 deduxeritii
934 1635 959 1684 9.

110 1704 182 1770 Quid
193 1707 285 1757 autem
296 1703 412 1772 reperiri
424 1707 481 1757 tam
494 1704 624 1757 eximium
631 1705 684 1758 'aut
696 1708 754 1759 tam
770 1705 957 1774 expetendum
1017 1710 1020 1715 ’

108 1783 199 1848 potest
212 1796 294 1848 quam
305 1780 386 1833 istam
398 1779 536 1848 virtutem,
552 1779 767 1834 moderationem
784 1781 872 1846 animi,
888 1784 959 1835 tenr-

109 1857 260 1923 perantiam
277 1863 337 1909 non·
348 1855 436 1909 latere
449 1855 477 1908 in
495 1853 618 1910 tenebris
635 1873 725 1925 neque
746 1874 807 1912 esse
827 1856 958 1924 abditam,

108 1931 197 2004 sedin
210 1931 270 1985 lucc
283 1931 373 1997 Asiae,
384 1931 412 1983 in
424 1930 508 1984 oculis
524 1932 688 1985 clarissimae
701 1933 862 2000 provinciae,
874 1935 959 2001 atque

108 2007 255 2060 inauribus
267 2007 386 2060 omnium
403 2007 525 2074 gentium
541 2024 573 2060 ac
587 2007 728 2060 nationum
745 2024 805 2060 esse
823 2008 958 2075 positaml

108 2100 160 2135 non
176 2081 333 2136 vitineribus
354 2082 410 2135 tuis
433 2082 582 2150 perterreri
606 2082 746 2136 homines?
769 2098 823 2134 non
847 2087 958 2151 sumptu

48 2168 50 2172 ’
108 2151 348 2213 exhauririi.110n
367 2156 487 2211 adventu
510 2156 691 2210 commoverit
717 2173 777 2210 esse
797 2173 959 2225 quocunque
1012 2208 1025 2231 ,

108 2236 214 2288 veneris
227 2238 256 2290 et
267 2233 375 2303 publice
387 2237 416 2287 et
427 2228 554 2302 privatim
566 2233 711 2286 maximam
723 2232 865 2300 laetitiam,
874 2248 959 2301 quum

108 2312 174 2364 urbs
196 2311 349 2366 custodem
361 2328 415 2365 non
443 2309 714 2379 tyrannum,don1ns
741 2308 877 2378 hospitem
903 2324 959 2379 non

12 2405 14 2409 ’
108 2388 301 2455 expilatorem
300 2389 435 2458 recepisse
446 2387 592 2441 videaturl

9 3022 75 3137 ι
83 3065 113 3109 2

66 3133 150 3184 suis
141 3143 299 3201 annalibus
311 3165 403 3218 posse
417 3151 546 3222 deligere
560 3132 986 3221 quogqeitqeupussutmffl

161 2464 217 2517 III
232 2470 270 2519 10.
283 2465 336 2518 His
348 2463 459 2518 autem
451 2480 479 2517 ιιι
491 2462 594 2518 rebns'
581 2479 641 2551 Jam
653 2466 682 2518 to
694 2479 759 2516 usus
768 2463 827 2531 ipsc
837 2426 958 2530 profecto

107 2537 228 2590 erudivit
248 2555 421 2607 nequaquam
445 2540 524 2593 satis
535 2556 595 2593 esse
605 2539 707 2607 ipsum
731 2538 780 2591 has
803 2542 833 2590 te
856 2536 958 2589 habere

108 2613 230 2679 uirtutes,
243 2613 291 2666 sed
303 2629 363 2666 esse
375 2614 646 2682 circumspiciendum
658 2613 805 2680 diligenter
816 2611 870 2664 ut
861 2627 890 2662 ιιι
907 2611 957 2662 hae

107 2687 231 2741 custodia
248 2687 401 2756 provinciae
419 2705 472 2740 non
490 2693 519 2742 ιο
537 2704 621 2741 unum
638 2687 687 2741 sed
704 2702 798 2741 omnes
819 2685 957 2738 ministros
988 2746 990 2751 Ι

107 2764 214 2832 imperii
233 2763 274 2818 tui
292 2762 370 2816 sociis
388 2767 418 2816 et
435 2763 588 2816 civibus‘et
609 2763 648 2817 rei
669 2761 793 2830 publicas
816 2763 957 2830 praestaro

107 2841 223 2896 videare
235 2857 238 2860 ’
259 2839 430 2908 Quamquam
446 2840 552 2909 legatos
567 2838 652 2892 habes
668 2854 714 2892 eos
731 2837 778 2906 qui
795 2838 846 2905 ipsi
861 2853 912 2906 per
927 2853 957 2890 se

108 2913 229 2970 habituri
242 2916 297 2970 sint
308 2915 442 2969 rationem
454 2914 597 2984 dignitatis
609 2931 681 2982 suae,
695 2913 730 2967 do
742 2912 843 2981 quibus
854 2912 956 2967 honore

98 2995 130 3040 et
141 2992 281 3058 dignitate
296 2995 326 3046 et
343 2994 438 3047 aetate
454 2994 578 3064 praestat
595 2991 709 3055 Tubero,
721 3006 803 3057 quem
820 3006 872 3057 ego
887 2988 958 3042 arbi-

95 3077 152 3129 md
173 3069 353 3132 Praesertim
379 3087 469 3141 quum
497 3069 604 3127 scribat
623 3066 785 3130 instoriam,
792 3064 905 3117 multas
930 3080 968 3114 ex
