2084 3404
97 120 127 164 46
319 115 358 163 M.
376 114 503 163 TULLII
520 114 709 163 CICERONIS

97 213 147 251 nos
169 195 375 250 benevolentiae
400 193 505 264 pariter
531 194 739 263 aequaliterque
763 193 946 262 respondeat3

98 272 212 327 tertiam
229 276 262 327 ut
278 271 375 341 quanti
391 273 508 340 quisque
526 287 555 323 sc
576 271 635 338 ipsc
655 270 730 337 facit,
749 269 822 324 tanti
842 270 894 333 fiat
911 268 946 322 ab

96 348 198 402 amicis.
232 349 342 402 Harum
354 348 439 402 trium
451 347 649 400 sententiarum
660 346 727 399 nulli
738 362 849 414 prorsus
855 363 946 399 assen-

98 425 160 478 tior.
184 425 253 488 *Nec
266 424 337 477 cuim
355 425 402 477 illa
419 424 506 493 prima
524 439 589 476 vcra
606 426 650 476 cst
666 426 698 475 ut
709 422 946 490 'quemadmodum

97 501 126 553 in
141 518 171 554 sc
185 501 308 568 quisquc,
323 500 362 553 sic
376 500 404 552 in
418 499 534 552 amicum
549 499 586 552 sit
601 499 743 552 animatua
767 520 769 528 s
790 501 830 555 57.
858 497 946 562 Quam

99 577 186 630 multa
195 576 273 631 ¹enim
286 592 358 644 quac
370 575 458 629 nostri
471 575 551 628 causa
562 590 700 642 nunquam
713 575 872 640 faceremus,
883 573 947 626 iaci-

98 669 258 706 muscanea
277 651 439 716 amicorum
465 651 571 718 precari
587 650 622 703 ab
639 650 759 718 indigno,
780 649 947 718 supplicare;

51 767 53 772 -
99 732 158 781 tum
184 727 307 782 acerbius
332 727 361 780 in
386 727 505 794 aliquem
530 726 629 794 invehi,
654 726 838 792 insectarique
866 725 948 779 vcbc-

99 803 235 869 mentius3
251 819 322 871 quae
341 803 370 855 in
390 802 491 856 nostris
510 802 593 855 rcbns
613 819 667 855 non
689 802 756 855 satis
777 801 898 869 honeste,
918 801 947 854 in

98 879 248 933 amicorum
268 879 338 934 fiunt
357 878 564 932 honestissime:
586 879 743 946 multaeque
764 877 808 931 res
832 873 896 930 su'nt
918 877 948 929 in

99 955 255 1024 quibusda
276 955 332 1008 suis
355 953 504 1008 commodis
527 953 578 1026 viri
601 953 665 1006 boni
688 954 775 1006 multa
799 953 948 1006 detrahunt

100 1030 273 1101 detrahique,
287 1030 436 1100 patiuntur,
459 1033 492 1083 ut
514 1030 547 1082 iis
571 1030 650 1083 amici
674 1030 766 1098 potius
790 1046 872 1098 quam
894 1029 948 1097 ipsi

100 1108 234 1163 fruentur.
257 1113 297 1162 58.
311 1107 410 1161 Altera
422 1106 557 1160 sententia
566 1110 609 1159 cst
618 1123 688 1175 quac
697 1105 793 1160 definit
802 1105 948 1159 amicitiam

101 1184 212 1252 paribus
226 1183 320 1237 officiis
335 1199 368 1236 ac
383 1181 576 1236 voluntatibus.
612 1181 673 1235 Hoc
687 1182 799 1251 quidem
813 1185 855 1235 est
868 1181 948 1234 nimis

102 1260 202 1328 exigue
216 1263 246 1313 et
259 1259 368 1313 exiliter
383 1257 421 1311 ad
436 1258 554 1312 calculos
570 1273 667 1312 vocare
683 1257 836 1325 amicitiam,
852 1261 884 1311 ut
899 1274 949 1326 par

102 1335 139 1389 eit
165 1336 234 1390 ratio
260 1337 433 1403 acceptorum
459 1337 488 1388 ct
514 1334 664 1388 daturums
685 1334 802 1386 Divitior
827 1333 893 1386 mihi
918 1336 950 1387 ct

103 1410 258 1464 affluentior
277 1409 387 1463 videtur
410 1425 470 1462 csso
493 1426 558 1462 vcra
581 1409 708 1477 amicitia,
731 1426 782 1462 nec
805 1408 949 1462 observare

103 1485 231 1538 restricte
245 1501 279 1537 nc
294 1485 355 1552 plus
369 1484 470 1537 reddat
483 1501 565 1553 quam
581 1485 726 1552 acceperit.
743 1526 746 1530 .
762 1484 860 1551 Neque
876 1485 949 1538 enim

104 1559 252 1614 verendum
268 1564 311 1613 est
326 1575 361 1612 uc
378 1558 447 1626 quid
463 1557 580 1626 excidat,
598 1563 647 1612 aut
663 1576 698 1612 ne
716 1560 783 1626 quid
794 1560 828 1622 in
845 1562 948 1612 terram

101 1635 213 1701 defluat,
234 1638 282 1689 aut
304 1651 338 1687 ne
361 1634 423 1702 plus
446 1650 534 1702 aequo
556 1635 585 1687 in
609 1634 756 1688 amicitiam
779 1639 949 1703 congeratur.

102 1717 143 1765 59.
163 1710 272 1764 Tertius
283 1726 347 1764 vcro
358 1709 404 1762 ille
416 1710 477 1762 finis
492 1709 662 1776 deterrimus,
677 1713 709 1764 ut
723 1711 949 1791 quantiquisque

102 1803 134 1840 sc
155 1787 221 1855 ipse'
238 1785 328 1853 faciat,
350 1784 422 1839 tanti
446 1785 496 1839 fiat
518 1785 554 1839 ab
576 1785 676 1840 amicis.
712 1787 798 1856 Saepe
823 1787 895 1840 enim
920 1786 950 1840 iu

103 1862 455 1931 quibusdam'autanimus
472 1860 665 1929 abjectior-est
685 1866 733 1916 aut
754 1879 815 1931 spes
835 1863 950 1932 amplifi·

103 1936 212 1990 candae.
224 1937 349 1990 fortunae
365 1937 500 1991 ratior„
521 1937 584 1990 Non
602 1940 646 1991 est
662 1937 747 2006 igitur
767 1939 846 1992 amici
866 1940 949 1993 talem

103 2028 164 2064 csso
182 2012 211 2064 in
230 2028 292 2064 cum
311 2012 399 2080 qualis
418 2012 463 2066 ille
482 2012 516 2065 in'
530 2029 560 2065 ee
581 2017 632 2079 est,
652 2013 702 2066 sed
722 2014 950 2082 petiuscnitiet

103 2088 210 2141 efficere
227 2091 260 2140 ut
276 2087 355 2140 amici
370 2086 508 2154 jacentem
525 2088 645 2141 animum
662 2089 765 2142 excitet
784 2089 950 2157 inducatque

103 2165 133 2217 in
149 2180 225 2232 spem
241 2163 489 2231 cogitationemque
504 2163 654 2217 meliorem.
690 2163 770 2217 Alius
785 2164 871 2232 igitur
888 2165 950 2218 finis

104 2256 185 2293 verae
196 2238 551 2293 amicitiae‘conetituendus
563 2243 613 2304 est,
626 2239 649 2293 si
660 2240 737 2308 prius
752 2241 819 2308 quid
832 2241 951 2294 maxime

104 2316 305 2384 reprehendere
319 2314 409 2384 Scipio
420 2315 517 2368 solitus
529 2315 565 2369 sit
576 2315 696 2370 edixere.
731 2315 859 2384 Negabat
867 2317 949 2372 ullam

104 2407 197 2444 vocem
209 2391 667 2458 inituieioremamieiliae‘potuisse
675 2393 791 2461 reperiri
800 2394 886 2461 quam'
891 2392 951 2461 ejus

104 2466 154 2534 qui
171 2465 296 2533 dixisset,
313 2467 354 2519 ita
370 2483 463 2520 amare
480 2471 607 2534 oportere
625 2471 657 2522 ut
675 2469 698 2521 si
715 2469 861 2537 aliquande
878 2472 952 2523 essct

104 2544 201 2593 asurim
209 2560 215 2604 ;
224 2556 282 2594 nec
292 2557 359 2594 vcro
371 2558 400 2594 se
412 2541 512 2594 adduci
524 2559 603 2609 posse
614 2545 647 2595 ut
656 2543 713 2609 hoc,
722 2543 951 2611 quemadmodum

104 2617 256 2684 putaretur,
275 2631 292 2668 a
309 2615 409 2668 Biante
427 2632 487 2669 esse
506 2616 609 2669 dictum
627 2617 760 2683 crederet,
779 2619 826 2686 qui
844 2619 952 2686 sapiens

104 2689 215 2744 habitus
238 2692 311 2743 essct
334 2707 405 2743 unus
428 2706 445 2743 e
468 2691 722 2760 septemaimpuri·
738 2692 878 2760 cujusdam
903 2697 952 2747 aut

104 2765 240 2820 ambitiosi
253 2769 301 2818 aut
313 2765 403 2818 omnia
417 2766 454 2818 ad
469 2783 545 2819 suam
560 2767 711 2834 potentiam
725 2771 877 2821 revocantis
892 2785 953 2822 csso

105 2842 276 2896 sententiam.
297 2890 298 2895 ,
312 2840 435 2905 Quonam
447 2842 519 2895 enim
531 2841 613 2895 modo
625 2842 770 2911 quisquam
782 2845 883 2897 amicus
892 2861 953 2898 esse

101 2918 209 2985 Jmtcrit
223 2916 283 2984 ejus
296 2916 340 2970 cui
354 2932 384 2970 se
398 2917 509 2986 putabit
521 2917 733 2972 inimicumtesse
746 2922 845 2989 possci
881 2921 953 2985 Quin
1003 2979 1004 2984 χ

91 2991 180 3040 etiam
190 3007 308 3046 necesse
320 2992 375 3048 erit
387 3010 489 3064 cupere
501 2997 531 3050 et
542 2996 640 3064 optare
651 2998 686 3050 ut
699 3012 784 3065 quam
795 2998 954 3066 cacqiocime

9 2994 31 3145 b
68 3065 180 3118 peccet
197 3067 316 3137 amiens,
335 3087 395 3141 quo
412 3072 512 3144 plures
529 3072 584 3130 det
601 3071 659 3128 sibi
672 3075 823 3142 tamquam
836 3088 920 3126 aneae
932 3072 975 3124 ab

55 3132 344 3202 mprobendendum
354 3170 365 3218 ,·
389 3169 510 3212 rursum
530 3155 636 3211 autem
655 3153 739 3207 recte
760 3147 851 3205 iactu
868 3158 990 3200 aromo*
