2084 3404
114 140 143 188 14
337 134 375 184 M.
394 133 521 185 TULLII
542 128 748 184 Clcnltoms'

112 216 178 270 dnm
200 215 241 270 ita
263 214 403 284 maderet,
423 215 490 267 nihil
509 215 613 283 agitare
635 218 734 284 mente,
756 215 823 271 nihil
847 214 960 284 ratione,

112 289 178 344 nihil
199 290 362 357 cogitatione
384 292 512 354 consequi
529 296 629 358 posset.
665 292 797 356 Quocirca
814 292 882 346 nihil
901 306 961 346 csse

103 365 172 416 ram
184 361 349 418 detestabile
360 364 472 430 tamque
483 361 641 430 pestiferum
652 378 732 430 quam
742 359 926 428 voluptatem,
938 358 961 411 si

114 437 226 506 quidem
242 455 282 507 ea,
298 455 381 507 quum
397 437 484 506 major
501 440 575 491 esset
591 441 674 505 atque
689 435 867 504 longinquior,
882 449 962 487 omne

114 513 197 567 animi
213 512 306 568 lumen
320 512 530 580 exstingueret.”
567 513 644 566 Haec
656 525 718 566 cum
731 512 761 565 O.
775 511 873 565 Pontio
886 509 963 563 Sam-

113 584 180 650 nite,
199 588 278 652 patre
297 587 357 650 ejus
376 601 393 635 a
412 599 465 651 qno
484 582 607 637 (landino
625 584 727 652 praelio
746 584 792 652 Sp.
805 583 962 637 Postumius

115 659 144 712 T.
156 659 288 713 Veturius
306 658 429 718 consules
447 659 568 727 superati
587 663 657 727 sunt,
674 659 796 714 locutum
810 658 962 727 Archytam

115 734 256 788 Nearchus
280 734 449 801 Tarentinus,
464 734 572 803 hospes
594 739 695 799 noster,
719 735 767 803 qui
791 735 819 787 in
843 732 963 788 amicitia

114 809 207 878 populi
221 809 335 862 Romani
347 813 541 877 permanserat,
559 826 588 863 sc
606 827 623 863 a
640 809 789 878 majoribus
804 813 871 863 natu
888 824 963 862 acce

115 885 187 951 pisse
211 884 329 952 dicebat,
358 901 441 953 qnnm
465 884 577 952 quidem
601 886 626 938 ci
651 885 768 939 sermoni
793 881 963 938 interfuisset

116 959 195 1014 Plato
211 960 394 1026 Atheniensis,
413 977 495 1030 quem
507 960 656 1015 Tarentum
673 961 780 1022 vonisse
799 961 829 1014 L.
849 958 963 1013 Camillo

116 1037 207 1104 Appio
226 1037 340 1091 Claudio
357 1036 512 1091 consulibus
529 1038 644 1107 reperio.
661 1065 663 1069 ν
680 1044 721 1091 42.
740 1037 861 1101 Quorsus
878 1036 962 1090 haecl

116 1111 158 1166 Ut
168 1112 336 1183 intelligatis,
350 1113 373 1167 si
385 1112 552 1183 voluptatem
564 1114 703 1183 aspernari
721 1113 828 1167 ratione
845 1116 875 1167 et
892 1111 962 1180 sapi·

116 1189 192 1244 entia
206 1207 260 1244 non
272 1206 420 1260 possemus,
433 1206 560 1259 magnam
576 1190 730 1244 habendam
750 1189 885 1244 senectuti
902 1203 963 1255 gra-

116 1264 191 1334 tiam,
209 1283 279 1334 quaa
296 1265 418 1320 effecerit
434 1267 466 1320 ut
484 1265 513 1318 id
524 1282 578 1319 non
590 1266 690 1321 liberet
704 1267 777 1335 qnod
789 1283 843 1320 non
856 1266 962 1332 oporte·

116 1344 169 1394 ret.
206 1339 326 1408 Impedit
344 1342 415 1394 enim
433 1342 574 1395 consilium
587 1343 727 1411 voluptas3
744 1342 843 1394 rationi
855 1338 963 1391 inimica

117 1419 159 1469 est
180 1417 338 1482 sementis,
361 1419 393 1469 ut
415 1416 455 1469 ita
479 1417 575 1482 dieam,
595 1416 773 1483 praestringit
797 1413 894 1475 oculos,
912 1427 962 1463 nec

116 1488 296 1543 habetullnm
309 1506 369 1542 cum
381 1490 484 1543 virtute
502 1490 698 1543 commercium.
735 1489 842 1541 Invitus
861 1487 912 1540 feci
930 1488 962 1538 ut

116 1564 256 1617 fortissimi
277 1564 328 1616 viri
349 1564 377 1616 T.
398 1564 542 1617 Flaminini
562 1565 677 1617 fratrem
697 1565 726 1617 L.
747 1563 928 1616 Flamininum
946 1577 963 1614 e

118 1639 222 1707 Senatu
239 1638 366 1707 ejicerem
385 1642 492 1706 septem
512 1640 589 1692 annis
607 1644 670 1708 post
688 1656 770 1708 qnam
788 1638 879 1692 consul
897 1637 962 1689 fuis-

117 1718 177 1780 set,
195 1714 245 1768 sed
262 1714 409 1768 notandam
421 1715 515 1782 putavi
532 1713 681 1768 libidinem.
718 1715 769 1767 Ille
787 1713 858 1766 enim
878 1729 962 1781 quum

100 1794 191 1845 „esset
208 1790 308 1857 consul,
325 1789 354 1842 in
371 1789 460 1843 Gallia
472 1793 600 1842 exoratus
611 1789 639 1842 in
651 1789 772 1843 convivio
784 1806 801 1842 a
813 1792 901 1842 scorto
919 1791 963 1841 est

116 1870 150 1920 ut
167 1866 255 1920 securi
270 1865 367 1919 feriret
382 1865 500 1933 aliquem
517 1881 610 1919 eorum
629 1865 676 1933 qui
694 1865 722 1930 in
740 1864 853 1919 vinculis
871 1866 964 1918 essent

118 1941 239 1995 damnati
264 1941 304 1994 rei
326 1941 457 2009 capitalis.
495 1941 549 1994 Hic
572 1941 635 1994 'lito
659 1941 746 1995 fratre
771 1958 819 1994 suo
843 1956 962 2005 censore,

118 2017 164 2084 qni
185 2016 325 2084 proximus
342 2019 406 2069 ante
426 2032 471 2070 me
491 2016 590 2082 fuerat,
608 2015 717 2084 elapsus
735 2020 793 2080 est;
814 2016 881 2068 mihi
898 2030 963 2067 vcro

118 2096 147 2146 ct
168 2091 265 2146 Flacco
283 2091 443 2159 neutiquam
461 2090 571 2160 probari
591 2092 683 2160 potuit
702 2094 761 2144 tam
779 2090 914 2157 flagitiosa
934 2091 964 2141 et

117 2172 174 2221 tam
187 2167 297 2236 perdita
308 2166 393 2220 libido
403 2182 473 2236 quae
485 2183 546 2220 cum
558 2165 658 2235 probro
666 2166 774 2234 privato
785 2164 964 2233 conjungeret

118 2243 226 2312 imperii
238 2242 365 2314 dedecus.
637 2281 640 2287 ,

170 2319 255 2374 Xlll.
284 2325 325 2374 43.
351 2319 438 2387 Saepe
457 2318 548 2372 audivi
566 2335 584 2372 a
603 2317 753 2386 majoribus
775 2320 850 2384 natu,
870 2319 917 2385 qui
935 2332 965 2370 se

118 2411 199 2461 porro
210 2411 337 2463 puerosa
355 2395 465 2449 senibus
480 2395 590 2449 audisse
602 2394 738 2461 dicebant,
750 2393 843 2448 mirari
856 2393 965 2446 solitum

120 2469 148 2521 O.
159 2468 319 2534 Fabricium,
329 2471 411 2537 quod,
423 2487 507 2539 quum
519 2470 592 2539 apud
604 2486 697 2538 regem
711 2470 845 2539 Pyrrhum
858 2469 965 2536 legatus

119 2546 200 2609 esset,
213 2543 335 2609 audisset
350 2561 367 2596 a
379 2545 508 2598 Thessalo
521 2546 605 2599 Cinea
616 2562 677 2600 esse
695 2546 831 2614 quendam
846 2541 965 2596 Athenis

119 2619 167 2686 qui
188 2634 217 2671 se
238 2618 390 2686 sapientem
413 2620 598 2687 profiteretur,
617 2636 735 2687 cumque
759 2619 851 2672 dicere
874 2616 965 2669 omnia

120 2709 190 2762 quae
202 2693 352 2747 faceremus
364 2694 400 2747 ad
412 2693 580 2763 voluptatem
593 2710 653 2747 esse
665 2693 826 2756 referenda3
844 2692 917 2760 qnod
930 2708 965 2746 cx

120 2786 153 2823 eo
176 2768 319 2823 audientes
344 2769 389 2823 M’.
410 2769 523 2823 Curium
547 2772 576 2823 ot
597 2768 626 2820 T.
647 2768 845 2822 Coruncanium
869 2771 965 2836 optare

120 2844 213 2900 solitos
224 2847 257 2900 ut
268 2844 299 2898 id
310 2843 479 2899 Samnitibus
495 2843 603 2913 ipsique
621 2842 726 2911 Pyrrho
743 2842 965 2911 persuaderetur,

120 2938 175 2990 quo
186 2922 291 2976 facilius
307 2921 378 2976 vinci
394 2922 505 2989 possent
523 2935 608 2988 quum
625 2935 656 2972 se
673 2917 859 2986 voluptatibus
877 2919 967 2973 dedis-

103 3001 176 3072 sent
223 2998 337 3050 errat
352 2997 388 3050 M
389 2998 399 3051 '.
414 2996 513 3052 Ourins
524 3011 587 3050 cum
601 2995 635 3052 Ρ.
646 2994 731 3050 Decio
749 2994 799 3064 qui
815 2995 967 3065 quinquen-

81 3073 136 3124 ¹1110
157 3071 230 3118 ante
261 3087 327 3123 erim
356 3074 503 3130 censalem
535 3091 566 3131 se
597 3091 650 3147 pro
673 3089 709 3129 re
736 3071 853 3145 publica
881 3071 983 3138 quarto

64 3135 223 3188 ‘'⁰¹¹⁸11L‘1211
243 3143 413 3206 devorarat
454 3152 554 3211 Norat
580 3153 714 3227 eundem
734 3149 901 3212 nonanus,
912 3142 999 3196 iffi*
