2084 3404
67 123 101 171 90
299 123 337 172 Μ.
355 124 483 173 TULLII
499 124 705 183 oloERONIs

67 201 198 257 diffidere.
221 201 277 258 Sed
288 205 381 258 tamen
392 205 426 258 iis
436 205 524 259 literis
534 205 733 274 quas-proxime
745 206 810 261 dedi
823 210 919 275 putari

67 278 512 348 essehomincmcommoneudum.
540 281 643 335 Idfeci.
672 281 745 346 Quid
755 284 918 351 profecerim

67 355 150 408 facias
165 357 303 411 mavelim
326 357 479 425 certiorem,
501 361 530 410 et
547 359 627 411 simul
647 359 682 412 de
699 363 758 412 toto
777 363 852 412 statu
868 363 919 413 tuo

67 433 239 500 consiliisque
252 431 383 485 omnibus.
420 433 496 486 Scire
509 434 580 486 enim
594 436 674 502 cupio
687 435 753 503 quid
765 452 836 503 agas,
850 436 917 504 quid

68 511 220 577 exspectes,
233 525 315 577 quam
332 509 443 576 longum
459 509 542 561 istum
555 513 633 563 tuum
650 512 799 565 discessum
811 529 827 565 a
839 511 920 565 nobis

66 585 192 639 futurum
205 592 292 654 putes.
330 585 374 637 Sic
389 585 461 636 enim
476 585 527 637 tibi
543 587 710 654 persuadeas
729 587 818 657 velim,
833 604 919 640 unum

67 661 133 712 mihi
145 677 205 714 esse
218 660 343 714 solatium
353 677 438 727 quaro
448 660 552 714 facilius
565 663 666 730 possim
679 663 736 730 pati
749 666 779 716 te
791 662 919 729 essesine

68 736 152 801 nobis,
168 737 190 788 si
209 736 261 789 tibi
280 753 340 789 esse
359 735 388 788 id
404 736 587 790 emolumento
602 738 698 790 sciam:
723 738 873 791 sinautem
890 738 920 791 id

68 820 121 863 'non
135 811 266 882 estnihil
284 811 390 865 duobus
405 811 483 865 nobis
500 816 544 866 est
561 813 679 877 stultius
693 830 738 867 me
753 815 801 882 qui
819 818 848 867 te
866 830 920 868 non

70 887 184 939 Romam
197 887 342 956 attraham,
354 891 384 940 te
397 887 444 954 qui
456 904 510 941 non
521 889 575 941 huc
586 889 703 942 advoles
739 889 802 942 Una
813 889 921 942 meher-

69 963 128 1016 cule
143 966 237 1016 nostra
252 964 294 1016 vel
309 980 404 1017 severa
420 964 463 1016 vel
476 964 571 1031 jocosa
589 965 744 1032 congressio
761 964 848 1032 pluris
867 966 921 1019 erit

70 1056 152 1108 quam
164 1055 218 1092 nou
230 1039 311 1092 modo
323 1040 417 1093 hostes
432 1039 481 1093 scd
498 1040 581 1093 etiam
598 1041 699 1093 fratres
713 1041 800 1094 nostri
819 1040 919 1094 Aedui.

71 1116 162 1180 Quare
171 1116 295 1169 omnibus
308 1116 344 1169 dc
356 1115 493 1169 rebusfac
504 1119 536 1168 ut
550 1133 631 1184 quam
644 1115 764 1186 primum
776 1116 868 1170 sciam.
923 1181 926 1186 Ι

107 1193 166 1246 Aut
176 1192 338 1246 consolando
350 1196 399 1246 aut
411 1192 522 1246 consilio
529 1196 582 1277 aut
594 1210 625 1245 re
632 1191 739 1260 juvero.

229 1296 232 1302 ⁵
277 1330 315 1376 41.
346 1320 471 1376 cronno
484 1296 666 1375 ’TREBATIO
683 1328 708 1376 s,
740 1297 742 1302 ’

332 1432 388 1493 (vn.
408 1433 445 1479 19.
481 1444 506 1478 a.
520 1443 544 1478 u,
558 1443 579 1478 c.
594 1430 660 1492 710.)

72 1525 145 1579 Vide
157 1525 252 1595 quanti
265 1525 340 1594 apud
352 1541 395 1577 me
405 1525 457 1588 sis;
475 1525 526 1577 etsi
534 1524 599 1590 jure
611 1524 642 1576 id
654 1523 772 1593 quidem,
781 1541 834 1577 non
847 1525 920 1579 enim

71 1606 101 1655 tc
110 1617 202 1654 eruore
212 1602 297 1654 vinco.
323 1599 522 1652 Verumtamen
536 1599 609 1665 quod
621 1600 761 1667 praesenti
768 1600 820 1652 tibi
832 1617 920 1670 prope

71 1677 259 1744 subucgaranr,
269 1693 323 1729 non
335 1674 485 1729 tribueram
498 1678 580 1743 certe,
592 1674 622 1727 id
634 1674 741 1729 absenti
754 1675 855 1730 debere
866 1694 921 1731 non

70 1753 155 1820 potui.
185 1753 283 1822 ltaque
300 1755 332 1804 ut
351 1751 469 1819 primum
483 1750 563 1804 Velia
574 1751 704 1819 navigare
717 1752 799 1820 coepi,
813 1752 921 1807 institui

71 1829 172 1898 'l'opica
181 1828 350 1882 Aristotelea
358 1827 537 1894 conscribere,
548 1826 583 1880 ab
595 1828 655 1896 ipsa
663 1827 733 1881 urbe
743 1830 921 1883 commonitus

71 1905 256 1963 amantissima
264 1905 313 1958 tui.
337 1904 406 1956 Eum
418 1903 519 1966 librum
528 1903 579 1957 tibi
591 1903 652 1957 misi
666 1904 779 1972 Rhagia,
790 1904 921 1973 scriptum

71 1998 152 2049 quam
164 1981 320 2050 planissime
333 1997 377 2032 res
389 1979 436 2032 illa
448 1979 528 2032 scribi
540 1979 640 2048 potuit.
665 1980 712 2033 Sin
724 1980 775 2034 tibi
787 1981 921 2049 quaedam

72 2058 240 2113 videbuntur
255 2057 419 2123 obscuriora,
439 2057 561 2123 cogitare
580 2055 694 2109 debebis
713 2056 814 2110 nullam
833 2061 921 2111 artem

71 2133 159 2187 literis
175 2134 232 2187 sine
248 2134 402 2201 interprete
419 2135 448 2185 et
465 2132 523 2185 sine
539 2131 630 2199 aliqua
650 2133 846 2186 exercitatione
860 2150 922 2201 per-

72 2211 125 2280 cipi
140 2227 229 2280 posse.
265 2209 326 2263 Non
338 2209 418 2275 longe
431 2208 538 2261 abieris.
562 2207 635 2260 Num
647 2206 695 2276 jus
707 2208 785 2261 civile
799 2212 921 2263 restmm

73 2305 107 2341 ex
125 2287 203 2341 libris
220 2284 343 2361 cognosci
361 2288 461 2352 potest,
480 2285 526 2353 qui
544 2300 709 2353 quamquam
728 2284 840 2351 plurimi
858 2291 923 2340 sunt

73 2364 212 2418 doctorem
224 2367 317 2417 tamen
330 2378 523 2430 nonnunquam
537 2361 713 2414 desideranti
751 2355 922 2430 Quamquam

73 2444 104 2494 tn
122 2441 144 2493 si
160 2444 267 2494 attente
281 2440 364 2507 leges,
376 2439 398 2490 si
414 2438 529 2506 saepius,
544 2441 638 2505 perte
655 2438 745 2491 omnia
757 2455 923 2507 consequere

72 2521 104 2569 ut
123 2520 198 2568 certe
210 2516 360 2584 intelligas.
402 2515 443 2568 Ut
461 2531 524 2568 vcro
543 2515 627 2568 ctiam
645 2515 696 2581 ipsi
715 2514 765 2568 tibi
791 2514 842 2568 loci
860 2533 922 2583 pro-

72 2592 161 2659 posita
169 2591 328 2656 quaestione
336 2593 481 2652 occurrent
491 2590 685 2643 exercitatione
693 2607 866 2658 consequere.
887 2591 922 2643 In

74 2683 129 2735 qua
143 2665 254 2734 quidem
270 2681 320 2717 nos
334 2668 363 2717 te
380 2664 587 2731 continebimus,
599 2665 622 2717 si
635 2669 665 2718 ct
676 2666 742 2718 salvi
758 2665 922 2720 redierimus

74 2747 104 2798 ct
115 2742 189 2797 salva
200 2741 255 2794 ista
266 2740 477 2795 offenderimus
500 2755 528 2793 v.
543 2739 606 2794 Kal.
619 2740 714 2794 Sextil.
727 2741 840 2809 Rhegio.
