2084 3404
312 86 314 90 ’
377 111 541 164 intimos.
577 111 653 165 cnr.
673 112 721 162 iv.
860 105 863 112 '
941 118 971 167 aa

126 193 213 266 ceptis
231 194 286 249 suis
305 193 480 259 erudienmt;
502 183 545 247 vel
565 192 625 261 ejus
644 195 691 263 qui
711 192 846 264 Apollinis
865 197 972 250 oraculo

126 272 341 341 sapientissimus
353 275 396 324 est
405 270 552 337 judicatus,
563 270 610 337 qui
622 287 675 323 nou
688 273 747 324 tum
758 271 817 338 hoc,
824 275 884 326 tum
896 271 972 335 illud,

126 352 158 402 ut
182 349 211 401 in
229 346 374 417 plerisque,
394 346 444 400 sed
466 344 540 398 idom
561 361 676 413 semper,
696 346 810 398 Animos
833 344 971 399 hominum

126 440 185 477 esse
204 424 319 490 divinos,
334 423 421 490 iisque
437 438 521 489 quum
538 437 553 472 e
570 422 683 488 corpore
702 422 883 474 excessissent
902 422 986 474 redi.

125 502 185 552 tum
202 501 230 551 in
248 498 351 552 eoelum
370 505 472 566 patere,
488 497 644 564 optimoque
662 500 691 549 et
705 495 857 563 justissimo
875 497 972 564 cuique

126 575 368 643 expeditissimum.
406 578 444 625 14.
463 572 542 635 Quod
549 571 624 624 idem
637 571 755 640 Scipioni
768 570 913 641 videbatur
925 572 972 639 qui

126 651 245 718 quidem,
254 650 331 719 quasi
342 650 516 718 praesagiret,
528 647 671 716 perpaucis
680 651 867 707 antemortem
876 647 973 700 diebus

126 743 209 793 quum
219 730 248 779 et
258 726 352 778 Philus
364 730 393 778 et
404 724 531 787 Manilius
542 724 670 778 adessent
680 726 709 777 et
721 723 766 776 alii
778 723 877 791 plures,
886 726 972 791 tuque

126 802 215 866 etiam,
234 800 367 864 Scaevola,
386 816 490 853 meeum
505 800 631 867 venisses,
649 799 772 853 triduum
791 797 919 852 disseruit
937 798 972 852 de

51 914 54 920 -
126 893 156 930 ro
174 876 295 946 publica;
315 875 392 944 cujus
410 875 602 944 disputationis
619 875 673 928 iuit
691 879 843 928 extremum
861 874 918 927 fere
937 876 972 928 do

125 953 331 1007 immortalitate
341 952 499 1018 animorum,
508 960 578 1019 quae
590 968 620 1004 se
632 952 659 1003 in
672 951 765 1019 quiete
776 967 827 1018 per
838 951 924 1002 visum
937 967 971 1003 ex

126 1028 257 1082 Africano
268 1022 376 1081 audisse
389 1026 506 1081 dicebat.
543 1025 578 1079 ld
590 1026 613 1079 si
626 1027 666 1078 ita
678 1029 764 1079 estut
777 1025 872 1093 optimi
885 1025 972 1093 cujus

126 1120 179 1171 que
197 1103 347 1157 animus'in
364 1106 453 1155 morte
470 1102 596 1155 facillime
614 1101 860 1170 evolettamquam
880 1118 895 1154 e
913 1119 972 1154 cus-

126 1178 201 1231 todia
211 1178 377 1244 vinculisque
386 1177 514 1244 corporis,
524 1177 567 1228 eui
578 1192 719 1229 censemus
731 1193 839 1228 cursum
853 1176 888 1228 ad
906 1178 972 1230 deos

125 1253 367 1311 facilioremfuisse
380 1268 461 1319 quam
475 1251 608 1318 Scipionil
635 1250 776 1312 'Quocirca
788 1267 910 1304 maerere
921 1251 972 1304 hoc

126 1327 186 1395 ejus
197 1333 298 1388 eventu
309 1338 403 1381 vereor
415 1342 450 1379 ne
462 1325 645 1394 invidi-magis
657 1330 738 1393 quam
751 1326 831 1379 amici
843 1327 886 1379 sit.
924 1328 971 1380 Sin

125 1407 217 1458 autem
235 1404 282 1457 illa
301 1402 406 1456 veriora
423 1407 456 1455 ut
474 1401 547 1455 idem
566 1402 696 1455 interitus
716 1403 759 1455 sit'
771 1403 922 1455 animorum
942 1408 972 1456 et

124 1495 266 1548 corporum
284 1495 334 1531 uec
349 1478 419 1530 ullus
435 1494 530 1532 sensus
547 1481 663 1545 maneat,
681 1481 712 1532 nt
726 1478 792 1530 nihil
807 1478 870 1531 boni
886 1479 972 1531 estin

124 1559 219 1623 morte,
232 1555 271 1608 sic
283 1558 358 1609 certo
369 1553 435 1606 nihil
447 1554 517 1608 muli.
531 1602 534 1607 .
553 1555 639 1608 Sensu
651 1554 720 1607 enim
735 1554 841 1621 amisso,
854 1554 885 1606 fit
898 1553 971 1607 idem

125 1631 202 1699 quasi
215 1633 297 1684 natus
311 1647 364 1683 non
377 1633 450 1682 osset
461 1630 585 1695 omnin0;
603 1647 684 1699 quem
698 1634 790 1683 tamen
803 1646 863 1683 esse
878 1633 971 1682 natum

125 1709 153 1759 et
171 1723 219 1760 nos
238 1706 388 1774 gaudemus
409 1709 437 1758 et
455 1706 523 1760 haec
541 1707 636 1759 civitas
656 1705 721 1759 dum
741 1706 795 1759 evit
814 1705 971 1758 lactabitur.

126 1787 165 1835 15.
184 1780 365 1848 Quamobrem
380 1798 441 1834 cum
454 1781 501 1834 illo
516 1781 636 1850 quidem,
652 1786 684 1834 ut
700 1780 861 1850 supradixi,
880 1784 970 1833 aetum

124 1857 227 1925 optime
241 1860 292 1923 est,
306 1872 411 1909 mecum
427 1856 629 1920 incommodius,
646 1873 727 1924 quem
746 1856 838 1908 fuerat
851 1856 971 1923 aequius,

123 1935 156 1984 ut
167 1932 417 1999 priusiutroieram,
431 1931 469 1985 sic
483 1932 558 2000 prius
570 1933 646 1986 exire
659 1933 693 1985 de
705 1932 771 1986 vita.
809 1931 864 1985 Sed
878 1935 971 1984 tamen

124 2008 312 2061 recordatione
325 2010 441 2061 nostrae
449 2008 583 2061 arnicitiae
595 2009 633 2061 sic
645 2009 721 2060 fruor
733 2012 765 2061 ut
779 2007 860 2061 beate
872 2006 971 2060 vixisse

124 2083 225 2151 videar,
240 2084 304 2152 quia
321 2100 381 2136 cum
400 2083 524 2152 Scipione
541 2084 671 2148 vixerimg
689 2099 805 2152 quocum
823 2082 891 2136 mihi
909 2098 971 2136 con-

119 2156 217 2225 juncta
228 2175 293 2212 mira
305 2158 340 2212 de
355 2175 385 2212 re
399 2158 508 2226 publica
521 2162 551 2212 et
565 2159 600 2211 de
616 2159 722 2226 privata
737 2157 798 2222 fuit,
811 2174 926 2225 quocum
942 2161 972 2210 et

124 2233 219 2287 domus
229 2234 421 2288 fuitetmilitia
432 2237 659 2303 communis,etid
668 2235 757 2303 inquo
770 2237 813 2286 est
829 2233 915 2284 omnis
930 2232 971 2284 vis

123 2308 267 2373 amicitiae,
281 2308 459 2374 voluntatum,
476 2308 636 2373 studiorum,
652 2307 847 2360 sententiarum
866 2323 971 2359 summa

123 2383 269 2436 consensio.
312 2383 411 2450 ltaque
430 2399 482 2436 non
502 2386 559 2435 tom
583 2384 636 2436 ista
656 2397 701 2434 me
721 2380 870 2448 sapientiae
889 2398 970 2450 quam

122 2456 203 2510 modo
218 2456 337 2509 Fannius
351 2458 571 2511 commemoravit
585 2458 657 2510 fama
671 2456 796 2522 delectat,
811 2457 877 2509 falsa
895 2473 971 2525 pmc-

122 2534 224 2600 sertim‚
237 2549 318 2600 quam
337 2531 411 2599 quod
430 2532 564 2586 amicitiae
583 2535 692 2586 nostrae
711 2533 869 2587 memoriam
891 2549 970 2602 spero

122 2609 315 2678 sempiternam
325 2608 394 2661 fore.
431 2607 519 2675 quue
531 2608 597 2660 mihi
606 2625 642 2661 eo
654 2608 741 2677 magis
754 2612 797 2661 est
808 2607 882 2661 cordi
896 2609 970 2677 quod

121 2701 156 2738 ex
174 2684 298 2738 omnibus
322 2683 418 2738 seculis
437 2684 482 2737 vix
501 2683 556 2737 tria
576 2687 623 2738 aut
643 2687 773 2753 quattuor
797 2684 970 2737 nominantur

120 2761 197 2828 paria
208 2761 370 2825 amicorum
388 2777 442 2830 quo
454 2760 483 2813 in
494 2777 594 2827 genere
606 2777 717 2829 sperare
730 2760 827 2813 videor
840 2760 970 2826 Scipionis

120 2839 149 2890 ct
169 2836 252 2890 Laelii
272 2837 418 2890 amicitiam
434 2842 527 2890 notam
546 2837 702 2906 posteritati
717 2837 784 2889 fore.
823 2841 861 2888 16.
882 2835 992 2887 Faus.-

121 2912 202 2965 Istud
215 2911 333 2980 quidem,
347 2912 428 2978 Laeli,
440 2912 480 2966 ita
491 2929 600 2966 necesse
612 2915 661 2967 est.
698 2913 752 2966 Sed
765 2911 892 2980 quoniam
904 2910 970 2962 ami-

119 2986 200 3040 citiae
211 2987 376 3040 mentionem
388 2987 478 3041 fecisti
490 2991 521 3042 et
533 2987 912 3051 smissotxosx,pex=gsam
916 2976 984 3022 misi

114 3060 220 3131 sensns,
231 3077 314 3132 spero
326 3063 397 3121 item
407 3065 571 3135 Scaevolae,
581 3064 608 3118 si
620 3045 964 3135 nuennedmumiffi⁸
976 3036 984 3074 ³

107 3137 209 3191 ceam
227 3138 315 3196 rebus
339 3160 433 3215 quum
453 3160 495 3200 ex
513 3147 548 3200 te
572 3137 775 3211 quaeruntur,
785 3138 834 3173 sic
848 3119 894 3166 ὸῦ
911 3113 988 3156 ‘effi

950 3318 1026 3358 A
