2084 3404
279 125 538 177 EPISTOLARUM
557 125 659 174 LIBltI
677 125 761 174 DUO.
912 125 943 176 77

95 211 162 263 certi
183 202 321 278 habemus.
359 208 388 262 Si
412 206 481 277 quid
505 205 559 260 erit
579 205 656 274 certi,
673 205 772 258 faciam
795 207 825 258 te
850 204 952 258 statim·

94 286 245 340 certiorem.
287 281 482 338 Valetudinem
507 287 584 336 tuam
607 281 651 335 iac
673 285 705 334 ut
722 298 812 335 eures.
868 278 945 334 Vale.

95 377 135 416 111.
150 363 219 416 Idus
231 359 357 416 Sextiles.

176 452 214 521 ἐ.
249 468 407 521 nonnius
423 468 628 518 rnennrmn
646 467 740 517 sons
757 469 782 517 s.
796 469 829 519 n.

351 568 470 627 (x1v.23.
506 579 530 614 n.
545 579 568 614 e.
583 577 604 612 e.
624 567 689 626 707.)

57 670 69 697 ;.
94 671 114 710 s.
133 673 156 709 v.
176 671 200 709 n.
219 669 244 710 n.
262 669 287 708 v.
324 653 462 709 Redditue
480 654 549 706 mihi
571 653 684 708 tandem
704 658 768 707 sunt
789 671 806 708 a
830 656 945 710 Caesare

94 732 191 786 literae
204 730 271 784 satis
282 729 428 796 liberales3
441 729 540 799 etipse
553 730 680 797 opinione
690 730 805 784 celerius
815 735 945 785 venturus

94 824 154 861 esse
171 806 278 860 dicitur.
316 806 366 860 Cui
383 810 476 859 utrum
493 805 601 859 obviam
617 806 764 875 procedam
779 823 813 859 an
827 807 870 861 hic
884 824 945 860 eum

94 886 258 950 exspectem,
272 898 355 950 quum
367 881 543 947 constituero,
556 881 653 935 faciam
670 885 700 935 te
712 883 866 936 certiorem.
897 883 945 935 Ta·
1011 894 1017 963 ζ

93 958 219 1013 bellarios
232 958 298 1012 mihi
310 957 391 1011 velim
405 975 487 1026 quam
499 959 618 1027 primum
631 958 764 1012 remittas.
802 958 946 1012 Valetudi-
1006 970 1016 1007 ι’

93 1051 156 1088 nem
169 1039 244 1088 tuam
256 1051 322 1087 cura
334 1033 487 1101 diligenter.
528 1033 602 1086 Vale.
635 1034 667 1086 D.
682 1033 772 1101 pridie
786 1034 854 1087 Idus
870 1035 944 1087 Sext.

192 1151 215 1195 9.
245 1147 403 1196 TULLIUS
421 1149 445 1195 S.
460 1148 492 1196 D.
511 1148 720 1195 TERENTIAE
738 1149 841 1196 SUAE.

353 1244 469 1306 (mm.
505 1242 689 1306 n.e.c.707.)

94 1346 115 1386 c.
133 1349 156 1386 v.
176 1347 201 1386 n.
219 1346 243 1386 n.
261 1346 286 1385 v.
323 1328 349 1382 N
351 1347 381 1383 os
398 1330 521 1398 quotidie
537 1330 696 1385 tabellarios
712 1334 819 1385 nostros
837 1348 947 1400 exspec-

94 1412 191 1475 temus,
213 1408 261 1475 qui
280 1407 303 1460 si
322 1407 455 1472 venerint,
473 1407 589 1461 fortusse
609 1407 710 1460 erimus
731 1408 861 1461 certiores
880 1408 948 1477 quid

94 1483 172 1537 nobis
189 1483 343 1537 iaciendum
362 1483 406 1550 sit,
426 1483 612 1550 faciemusque
631 1487 660 1536 to
679 1483 773 1537 statim
795 1484 946 1538 certiorem.

96 1559 289 1617 Valetudinem
315 1562 392 1612 tuam
417 1576 481 1614 cura
505 1558 660 1628 diligenter.
697 1559 776 1614 Vale.
813 1561 947 1614 Kalendis

95 1634 309 1704 Septembribus.

192 1759 230 1803 10.
255 1755 415 1822 TULLIUS
432 1757 456 1805 S.
471 1755 503 1804 D.
516 1753 725 1804 TERENTIAE
742 1755 844 1804 SUAE.

348 1856 413 1915 (nv.
426 1857 465 1901 20.
500 1867 525 1900 n.
539 1865 563 1900 e.
577 1865 598 1901 e.
618 1852 683 1912 707.)

99 1941 130 1996 ln
149 1942 329 1995 Tusculanum
349 1957 398 1995 nos
422 1943 552 1994 venturos
572 1944 702 2009 putamus
723 1943 771 1993 aut
792 1940 879 1993 Nonis
900 1945 948 1995 aut

96 2018 234 2086 postridie.
272 2017 317 2071 Ibi
332 2020 364 2072 ut
382 2016 437 2071 sint
450 2017 541 2071 omnia
556 2020 662 2085 parata.
698 2016 795 2070 Plures
812 2018 884 2070 enim
896 2019 949 2070 for·

95 2101 168 2150 tasse
184 2094 324 2148 nobiscum
341 2096 430 2162 erunt,
443 2097 472 2148 et
484 2097 516 2147 ut
529 2092 650 2147 arbitror
666 2093 770 2146 diutius
782 2091 820 2145 ibi
832 2110 948 2145 eommo-

96 2171 224 2226 rabimur.
261 2171 382 2225 Labrum
404 2172 428 2224 si
448 2171 477 2223 in
496 2169 605 2223 balineo
623 2186 677 2221 non
696 2172 746 2235 est,
763 2172 795 2220 ut
811 2169 863 2232 sit;
881 2169 948 2220 item

95 2252 186 2302 cetera
203 2264 273 2314 quae
289 2247 401 2300 suntad
419 2245 521 2299 victum
540 2247 570 2297 et
587 2243 773 2297 valetudinem
790 2244 947 2295 necessaria.

99 2322 173 2377 Vale.
211 2321 273 2375 Kal.
285 2321 395 2374 Octobr.
409 2319 445 2373 de
458 2320 604 2371 Venusino.

323 2441 361 2488 11.
379 2434 549 2486 TULLIUS
565 2435 693 2484 TIRONI
711 2436 736 2486 S.

351 2538 415 2599 (xvi.
431 2538 468 2584 10.
504 2548 529 2583 ι.
544 2547 568 2583 o.
582 2546 604 2582 e.
624 2532 693 2597 700.)
726 2528 727 2531 ’

97 2629 155 2698 Ego
167 2640 232 2683 vero
244 2626 323 2694 cupio
336 2628 365 2679 te
377 2625 413 2688 ad
425 2641 469 2677 me
481 2623 575 2677 venire
586 2645 592 2690 ;
611 2623 660 2676 sed
673 2620 744 2675 viam
758 2623 848 2677 timeo.
880 2625 947 2676 Gro-

97 2707 206 2760 vissime
218 2701 385 2770 aegrotasti:
403 2699 496 2754 inedia
508 2702 536 2752 et
548 2699 758 2768 purgationibus
775 2703 804 2753 et
822 2700 848 2750 vi
864 2699 948 2764 ipsius

97 2782 182 2836 morbi
195 2781 371 2848 consumptus
384 2794 420 2831 es.
453 2777 556 2830 Graves
569 2777 657 2829 solent
670 2775 830 2828 offensiones
843 2789 902 2825 esse
915 2787 948 2822 ex

97 2858 225 2927 gravibus
243 2853 353 2920 morbis,
366 2854 389 2906 si
408 2870 478 2922 quoe
496 2851 577 2920 culpa
595 2852 737 2905 commissa
749 2852 798 2902 est.
836 2848 855 2898 J
857 2863 900 2898 onr
913 2845 948 2897 ad

97 2934 127 2986 id
141 2934 261 2997 biduum,
274 2930 349 2999 quod
364 2930 449 2982 fueris
464 2929 492 2981 in
509 2927 554 2980 via
570 2928 637 2980 dum
653 2927 680 2978 in
698 2927 853 2978 Cumanum
865 2921 959 2977 uenis,

98 3009 229 3063 accedent
249 3007 377 3061 continuo
397 3005 434 3060 ad
452 3004 582 3061 reditum
603 3003 668 3055 dies
688 2999 830 3065 munusue.
855 2992 928 3045 Esau
941 2987 985 3028 ‘xxx

720 3069 823 3122 ltixte
830 3063 872 3107 xm
884 3057 1014 3101 &mm

90 3084 273 3148 Eonnianoa.
287 3085 374 3142 d.111.
390 3085 519 3141 Kalend.
533 3078 710 3138 essendo..
835 3133 869 3154 ,Α
932 3119 1017 3161 (W,

714 3155 806 3196 xpe-w
824 3137 936 3183 &³25⁸

81 3159 233 3271 offendam,
245 3163 285 3231 mi
306 3165 385 3236 Tiro,
399 3165 492 3221 effice.
534 3153 697 3220 Emerui-tu
