<?xml version="1.0" encoding="UTF-8"?>
<!DOCTYPE html PUBLIC "-//W3C//DTD XHTML 1.0 Transitional//EN"
    "http://www.w3.org/TR/xhtml1/DTD/xhtml1-transitional.dtd">
<html xmlns="http://www.w3.org/1999/xhtml" xml:lang="en" lang="en">
 <head>
  <title>
</title>
<meta http-equiv="Content-Type" content="text/html;charset=utf-8" />
  <meta name='ocr-system' content='tesseract 3.04.00' />
  <meta name='ocr-capabilities' content='ocr_page ocr_carea ocr_par ocr_line ocrx_word'/>
</head>
<body>
  <div class='ocr_page' id='page_1' title='image "./catomajorsivede01cicegoog_0028.png"; bbox 0 0 2032 3412; ppageno 0'>
   <div class='ocr_carea' id='block_1_1' title="bbox 289 104 931 162">
    <p class='ocr_par' dir='ltr' id='par_1_1' title="bbox 289 104 931 162">
     <span class='ocr_line' id='line_1_1' title="bbox 289 104 931 162; baseline -0.002 -4"><span class='ocrx_word' id='word_1_1' title='bbox 289 110 380 159; x_wconf 73' lang='lat' dir='ltr'>CATO</span> <span class='ocrx_word' id='word_1_2' title='bbox 398 111 531 162; x_wconf 88' lang='lat' dir='ltr'><strong>MAJOR.</strong></span> <span class='ocrx_word' id='word_1_3' title='bbox 565 111 642 160; x_wconf 88' lang='lat' dir='ltr'>CAP.</span> <span class='ocrx_word' id='word_1_4' title='bbox 661 109 722 158; x_wconf 84' lang='lat' dir='ltr'>XV.</span> <span class='ocrx_word' id='word_1_5' title='bbox 902 104 931 157; x_wconf 80' lang='lat'>17</span> 
     </span>
    </p>
   </div>
   <div class='ocr_carea' id='block_1_2' title="bbox 18 187 997 3198">
    <p class='ocr_par' dir='ltr' id='par_1_2' title="bbox 27 187 938 1466">
     <span class='ocr_line' id='line_1_2' title="bbox 86 187 932 259; baseline -0.007 -14"><span class='ocrx_word' id='word_1_6' title='bbox 86 191 201 259; x_wconf 80' lang='lat' dir='ltr'>Livium,</span> <span class='ocrx_word' id='word_1_7' title='bbox 214 189 261 258; x_wconf 91' lang='lat' dir='ltr'>qui</span> <span class='ocrx_word' id='word_1_8' title='bbox 276 207 362 259; x_wconf 89' lang='lat' dir='ltr'>quum</span> <span class='ocrx_word' id='word_1_9' title='bbox 378 206 434 244; x_wconf 81' lang='lat' dir='ltr'>sex·</span> <span class='ocrx_word' id='word_1_10' title='bbox 443 191 520 245; x_wconf 89' lang='lat' dir='ltr'>annis</span> <span class='ocrx_word' id='word_1_11' title='bbox 536 194 600 245; x_wconf 88' lang='lat' dir='ltr'>ante</span> <span class='ocrx_word' id='word_1_12' title='bbox 617 206 699 258; x_wconf 89' lang='lat' dir='ltr'>quam</span> <span class='ocrx_word' id='word_1_13' title='bbox 713 205 764 257; x_wconf 76' lang='lat' dir='ltr'>ego</span> <span class='ocrx_word' id='word_1_14' title='bbox 778 187 859 242; x_wconf 90' lang='lat' dir='ltr'>natus</span> <span class='ocrx_word' id='word_1_15' title='bbox 873 202 932 241; x_wconf 78' lang='lat' dir='ltr'>suni</span> 
     </span>
     <span class='ocr_line' id='line_1_3' title="bbox 27 263 930 333; baseline 0 -17"><span class='ocrx_word' id='word_1_16' title='bbox 27 313 29 316; x_wconf 86' lang='lat'>.</span> <span class='ocrx_word' id='word_1_17' title='bbox 84 267 204 321; x_wconf 88' lang='lat' dir='ltr'>fabulam</span> <span class='ocrx_word' id='word_1_18' title='bbox 233 265 370 320; x_wconf 77' lang='lat' dir='ltr'><strong>docuisset</strong></span> <span class='ocrx_word' id='word_1_19' title='bbox 400 268 521 321; x_wconf 82' lang='lat' dir='ltr'>Centone</span> <span class='ocrx_word' id='word_1_20' title='bbox 552 265 756 333; x_wconf 83' lang='lat' dir='ltr'>Tuditanoque·</span> <span class='ocrx_word' id='word_1_21' title='bbox 772 263 930 329; x_wconf 84' lang='lat' dir='ltr'>consulibus,</span> 
     </span>
     <span class='ocr_line' id='line_1_4' title="bbox 85 339 933 411; baseline -0.007 -15"><span class='ocrx_word' id='word_1_22' title='bbox 85 359 172 411; x_wconf 92' lang='lat' dir='ltr'>usque</span> <span class='ocrx_word' id='word_1_23' title='bbox 191 341 227 396; x_wconf 91' lang='lat' dir='ltr'>ad</span> <span class='ocrx_word' id='word_1_24' title='bbox 245 342 455 396; x_wconf 75' lang='lat' dir='ltr'>adolescentiam</span> <span class='ocrx_word' id='word_1_25' title='bbox 466 358 556 395; x_wconf 90' lang='lat' dir='ltr'>meam</span> <span class='ocrx_word' id='word_1_26' title='bbox 574 341 707 409; x_wconf 89' lang='lat' dir='ltr'>processit</span> <span class='ocrx_word' id='word_1_27' title='bbox 725 343 824 393; x_wconf 88' lang='lat' dir='ltr'>aetate.</span> <span class='ocrx_word' id='word_1_28' title='bbox 861 339 933 404; x_wconf 83' lang='lat' dir='ltr'>Quid</span> 
     </span>
     <span class='ocr_line' id='line_1_5' title="bbox 86 413 933 486; baseline -0.005 -16"><span class='ocrx_word' id='word_1_29' title='bbox 86 418 122 470; x_wconf 91' lang='lat' dir='ltr'>do</span> <span class='ocrx_word' id='word_1_30' title='bbox 142 418 171 471; x_wconf 88' lang='lat' dir='ltr'>P.</span> <span class='ocrx_word' id='word_1_31' title='bbox 184 417 279 471; x_wconf 87' lang='lat' dir='ltr'>Licinii</span> <span class='ocrx_word' id='word_1_32' title='bbox 299 417 389 471; x_wconf 81' lang='lat' dir='ltr'>Crassi</span> <span class='ocrx_word' id='word_1_33' title='bbox 409 420 438 471; x_wconf 89' lang='lat' dir='ltr'>et</span> <span class='ocrx_word' id='word_1_34' title='bbox 456 417 590 486; x_wconf 88' lang='lat' dir='ltr'>pontificii</span> <span class='ocrx_word' id='word_1_35' title='bbox 602 419 632 470; x_wconf 90' lang='lat' dir='ltr'>et</span> <span class='ocrx_word' id='word_1_36' title='bbox 651 415 736 468; x_wconf 88' lang='lat' dir='ltr'>civilis</span> <span class='ocrx_word' id='word_1_37' title='bbox 753 413 824 481; x_wconf 89' lang='lat' dir='ltr'>juris</span> <span class='ocrx_word' id='word_1_38' title='bbox 842 413 933 467; x_wconf 86' lang='lat' dir='ltr'>studio</span> 
     </span>
     <span class='ocr_line' id='line_1_6' title="bbox 87 488 934 562; baseline -0.007 -15"><span class='ocrx_word' id='word_1_39' title='bbox 87 494 202 562; x_wconf 84' lang='lat' dir='ltr'>loquarl</span> <span class='ocrx_word' id='word_1_40' title='bbox 220 498 268 547; x_wconf 87' lang='lat' dir='ltr'>aut</span> <span class='ocrx_word' id='word_1_41' title='bbox 280 493 315 547; x_wconf 90' lang='lat' dir='ltr'>de</span> <span class='ocrx_word' id='word_1_42' title='bbox 332 491 414 560; x_wconf 88' lang='lat' dir='ltr'>hujus</span> <span class='ocrx_word' id='word_1_43' title='bbox 427 493 457 546; x_wconf 89' lang='lat' dir='ltr'>P.</span> <span class='ocrx_word' id='word_1_44' title='bbox 470 492 602 560; x_wconf 80' lang='lat' dir='ltr'>Scipionis</span> <span class='ocrx_word' id='word_1_45' title='bbox 615 491 661 559; x_wconf 93' lang='lat' dir='ltr'>qui</span> <span class='ocrx_word' id='word_1_46' title='bbox 674 490 716 543; x_wconf 90' lang='lat' dir='ltr'>his</span> <span class='ocrx_word' id='word_1_47' title='bbox 733 489 826 558; x_wconf 82' lang='lat' dir='ltr'>paucis</span> <span class='ocrx_word' id='word_1_48' title='bbox 838 488 934 542; x_wconf 88' lang='lat' dir='ltr'>diebus</span> 
     </span>
     <span class='ocr_line' id='line_1_7' title="bbox 91 566 935 634; baseline -0.006 -12"><span class='ocrx_word' id='word_1_49' title='bbox 91 568 215 622; x_wconf 82' lang='lat' dir='ltr'>Pontifex</span> <span class='ocrx_word' id='word_1_50' title='bbox 234 569 369 622; x_wconf 85' lang='lat' dir='ltr'>Maximus</span> <span class='ocrx_word' id='word_1_51' title='bbox 386 567 475 621; x_wconf 84' lang='lat' dir='ltr'>factus</span> <span class='ocrx_word' id='word_1_52' title='bbox 493 569 553 621; x_wconf 82' lang='lat' dir='ltr'>esti</span> <span class='ocrx_word' id='word_1_53' title='bbox 591 566 679 633; x_wconf 82' lang='lat' dir='ltr'>Atqui</span> <span class='ocrx_word' id='word_1_54' title='bbox 697 581 744 619; x_wconf 88' lang='lat' dir='ltr'>eos</span> <span class='ocrx_word' id='word_1_55' title='bbox 761 580 854 618; x_wconf 90' lang='lat' dir='ltr'>omnes</span> <span class='ocrx_word' id='word_1_56' title='bbox 867 581 935 634; x_wconf 90' lang='lat' dir='ltr'>quos</span> 
     </span>
     <span class='ocr_line' id='line_1_8' title="bbox 87 641 932 711; baseline -0.001 -13"><span class='ocrx_word' id='word_1_57' title='bbox 87 645 294 698; x_wconf 86' lang='lat' dir='ltr'>commemoravi</span> <span class='ocrx_word' id='word_1_58' title='bbox 324 643 366 697; x_wconf 88' lang='lat' dir='ltr'>his</span> <span class='ocrx_word' id='word_1_59' title='bbox 395 643 492 697; x_wconf 89' lang='lat' dir='ltr'>studiis</span> <span class='ocrx_word' id='word_1_60' title='bbox 525 643 673 711; x_wconf 84' lang='lat' dir='ltr'>flagrantes</span> <span class='ocrx_word' id='word_1_61' title='bbox 703 657 782 695; x_wconf 88' lang='lat' dir='ltr'>senes</span> <span class='ocrx_word' id='word_1_62' title='bbox 811 641 932 697; x_wconf 81' lang='lat' dir='ltr'>vidimus</span> 
     </span>
     <span class='ocr_line' id='line_1_9' title="bbox 89 717 935 788; baseline -0.007 -14"><span class='ocrx_word' id='word_1_63' title='bbox 89 722 127 774; x_wconf 86' lang='lat' dir='ltr'>M.</span> <span class='ocrx_word' id='word_1_64' title='bbox 139 737 204 776; x_wconf 87' lang='lat' dir='ltr'>vcro</span> <span class='ocrx_word' id='word_1_65' title='bbox 217 720 369 787; x_wconf 76' lang='lat' dir='ltr'>Cethegum</span> <span class='ocrx_word' id='word_1_66' title='bbox 388 736 470 788; x_wconf 84' lang='lat' dir='ltr'>quem</span> <span class='ocrx_word' id='word_1_67' title='bbox 487 723 562 772; x_wconf 88' lang='lat' dir='ltr'>recte</span> <span class='ocrx_word' id='word_1_68' title='bbox 575 719 682 772; x_wconf 82' lang='lat' dir='ltr'>Suadeo</span> <span class='ocrx_word' id='word_1_69' title='bbox 698 717 845 771; x_wconf 82' lang='lat' dir='ltr'>medullam</span> <span class='ocrx_word' id='word_1_70' title='bbox 864 717 935 769; x_wconf 85' lang='lat' dir='ltr'>dixit</span> 
     </span>
     <span class='ocr_line' id='line_1_10' title="bbox 91 793 934 864; baseline -0.005 -15"><span class='ocrx_word' id='word_1_71' title='bbox 91 797 200 863; x_wconf 85' lang='lat' dir='ltr'>llnnius,</span> <span class='ocrx_word' id='word_1_72' title='bbox 219 801 320 864; x_wconf 88' lang='lat' dir='ltr'>quanto</span> <span class='ocrx_word' id='word_1_73' title='bbox 338 795 429 849; x_wconf 90' lang='lat' dir='ltr'>studio</span> <span class='ocrx_word' id='word_1_74' title='bbox 447 795 570 848; x_wconf 85' lang='lat' dir='ltr'>exerceri</span> <span class='ocrx_word' id='word_1_75' title='bbox 587 795 616 848; x_wconf 92' lang='lat' dir='ltr'>in</span> <span class='ocrx_word' id='word_1_76' title='bbox 639 794 755 848; x_wconf 91' lang='lat' dir='ltr'>dicendo</span> <span class='ocrx_word' id='word_1_77' title='bbox 775 793 934 847; x_wconf 83' lang='lat' dir='ltr'>videbamus</span> 
     </span>
     <span class='ocr_line' id='line_1_11' title="bbox 89 868 934 939; baseline -0.002 -14"><span class='ocrx_word' id='word_1_78' title='bbox 89 873 173 925; x_wconf 87' lang='lat' dir='ltr'>etiam</span> <span class='ocrx_word' id='word_1_79' title='bbox 186 870 290 925; x_wconf 91' lang='lat' dir='ltr'>senem!</span> <span class='ocrx_word' id='word_1_80' title='bbox 328 871 403 935; x_wconf 84' lang='lat' dir='ltr'>Quae</span> <span class='ocrx_word' id='word_1_81' title='bbox 415 874 480 924; x_wconf 90' lang='lat' dir='ltr'>sunt</span> <span class='ocrx_word' id='word_1_82' title='bbox 496 870 581 938; x_wconf 84' lang='lat' dir='ltr'>igitur</span> <span class='ocrx_word' id='word_1_83' title='bbox 593 871 732 939; x_wconf 88' lang='lat' dir='ltr'>epularum</span> <span class='ocrx_word' id='word_1_84' title='bbox 745 872 793 923; x_wconf 87' lang='lat' dir='ltr'>aut</span> <span class='ocrx_word' id='word_1_85' title='bbox 808 868 934 923; x_wconf 89' lang='lat' dir='ltr'>ludorum</span> 
     </span>
     <span class='ocr_line' id='line_1_12' title="bbox 89 945 935 1014; baseline -0.005 -14"><span class='ocrx_word' id='word_1_86' title='bbox 89 953 137 1000; x_wconf 89' lang='lat' dir='ltr'>aut</span> <span class='ocrx_word' id='word_1_87' title='bbox 149 952 299 1001; x_wconf 89' lang='lat' dir='ltr'>scortorum</span> <span class='ocrx_word' id='word_1_88' title='bbox 316 946 471 1014; x_wconf 76' lang='lat' dir='ltr'>uoluptates</span> <span class='ocrx_word' id='word_1_89' title='bbox 488 962 553 999; x_wconf 89' lang='lat' dir='ltr'>cum</span> <span class='ocrx_word' id='word_1_90' title='bbox 567 945 610 999; x_wconf 87' lang='lat' dir='ltr'>his</span> <span class='ocrx_word' id='word_1_91' title='bbox 627 945 812 1014; x_wconf 88' lang='lat' dir='ltr'>voluptatibus</span> <span class='ocrx_word' id='word_1_92' title='bbox 829 960 935 1012; x_wconf 90' lang='lat' dir='ltr'>compa-</span> 
     </span>
     <span class='ocr_line' id='line_1_13' title="bbox 90 1020 936 1090; baseline -0.004 -14"><span class='ocrx_word' id='word_1_93' title='bbox 90 1022 210 1078; x_wconf 83' lang='lat' dir='ltr'>randael</span> <span class='ocrx_word' id='word_1_94' title='bbox 247 1025 344 1090; x_wconf 81' lang='lat' dir='ltr'>Atque.</span> <span class='ocrx_word' id='word_1_95' title='bbox 359 1022 427 1076; x_wconf 89' lang='lat' dir='ltr'>haec</span> <span class='ocrx_word' id='word_1_96' title='bbox 439 1021 550 1088; x_wconf 90' lang='lat' dir='ltr'>quidem</span> <span class='ocrx_word' id='word_1_97' title='bbox 568 1021 826 1074; x_wconf 84' lang='lat' dir='ltr'>studia-doetrinae.</span> <span class='ocrx_word' id='word_1_98' title='bbox 859 1020 936 1084; x_wconf 79' lang='lat' dir='ltr'>Quae</span> 
     </span>
     <span class='ocr_line' id='line_1_14' title="bbox 91 1096 936 1167; baseline -0.002 -18"><span class='ocrx_word' id='word_1_99' title='bbox 91 1097 204 1166; x_wconf 91' lang='lat' dir='ltr'>quidem</span> <span class='ocrx_word' id='word_1_100' title='bbox 226 1097 408 1167; x_wconf 81' lang='lat' dir='ltr'>prudentibus</span> <span class='ocrx_word' id='word_1_101' title='bbox 431 1101 461 1150; x_wconf 89' lang='lat' dir='ltr'>et</span> <span class='ocrx_word' id='word_1_102' title='bbox 489 1096 559 1148; x_wconf 92' lang='lat' dir='ltr'>bene</span> <span class='ocrx_word' id='word_1_103' title='bbox 587 1096 722 1149; x_wconf 88' lang='lat' dir='ltr'>institutis</span> <span class='ocrx_word' id='word_1_104' title='bbox 744 1097 848 1163; x_wconf 86' lang='lat' dir='ltr'>pariter</span> <span class='ocrx_word' id='word_1_105' title='bbox 874 1111 936 1148; x_wconf 85' lang='lat' dir='ltr'>curn</span> 
     </span>
     <span class='ocr_line' id='line_1_15' title="bbox 91 1169 938 1238; baseline -0.004 -12"><span class='ocrx_word' id='word_1_106' title='bbox 91 1175 183 1226; x_wconf 84' lang='lat' dir='ltr'>aetate</span> <span class='ocrx_word' id='word_1_107' title='bbox 196 1175 329 1236; x_wconf 85' lang='lat' dir='ltr'>creseunt,</span> <span class='ocrx_word' id='word_1_108' title='bbox 336 1175 373 1224; x_wconf 88' lang='lat' dir='ltr'>ut</span> <span class='ocrx_word' id='word_1_109' title='bbox 390 1170 534 1224; x_wconf 87' lang='lat' dir='ltr'>honestum</span> <span class='ocrx_word' id='word_1_110' title='bbox 546 1171 615 1223; x_wconf 88' lang='lat' dir='ltr'>illud</span> <span class='ocrx_word' id='word_1_111' title='bbox 633 1170 738 1223; x_wconf 81' lang='lat' dir='ltr'>Solonis</span> <span class='ocrx_word' id='word_1_112' title='bbox 751 1171 794 1235; x_wconf 88' lang='lat' dir='ltr'>sit,</span> <span class='ocrx_word' id='word_1_113' title='bbox 806 1170 881 1238; x_wconf 89' lang='lat' dir='ltr'>quod</span> <span class='ocrx_word' id='word_1_114' title='bbox 899 1169 938 1223; x_wconf 88' lang='lat' dir='ltr'>ait</span> 
     </span>
     <span class='ocr_line' id='line_1_16' title="bbox 52 1240 935 1314; baseline -0.008 -13"><span class='ocrx_word' id='word_1_115' title='bbox 52 1267 54 1272; x_wconf 60' lang='lat'><strong><em>¹</em></strong></span> <span class='ocrx_word' id='word_1_116' title='bbox 92 1247 224 1301; x_wconf 88' lang='lat' dir='ltr'>versiculo</span> <span class='ocrx_word' id='word_1_117' title='bbox 245 1247 372 1314; x_wconf 86' lang='lat' dir='ltr'>quodam,</span> <span class='ocrx_word' id='word_1_118' title='bbox 391 1248 503 1299; x_wconf 84' lang='lat' dir='ltr'>utente</span> <span class='ocrx_word' id='word_1_119' title='bbox 522 1245 586 1312; x_wconf 78' lang='lat' dir='ltr'>dixi,</span> <span class='ocrx_word' id='word_1_120' title='bbox 600 1260 742 1298; x_wconf 86' lang='lat' dir='ltr'>senescere</span> <span class='ocrx_word' id='word_1_121' title='bbox 761 1262 789 1297; x_wconf 91' lang='lat' dir='ltr'>sc</span> <span class='ocrx_word' id='word_1_122' title='bbox 806 1245 892 1298; x_wconf 87' lang='lat' dir='ltr'>multa</span> <span class='ocrx_word' id='word_1_123' title='bbox 908 1240 935 1294; x_wconf 93' lang='lat' dir='ltr'>in</span> 
     </span>
     <span class='ocr_line' id='line_1_17' title="bbox 92 1321 938 1390; baseline -0.001 -15"><span class='ocrx_word' id='word_1_124' title='bbox 92 1323 151 1375; x_wconf 90' lang='lat' dir='ltr'>dies</span> <span class='ocrx_word' id='word_1_125' title='bbox 161 1321 362 1387; x_wconf 65' lang='lat' dir='ltr'>addiscentem</span> <span class='ocrx_word' id='word_1_126' title='bbox 375 1337 429 1388; x_wconf 82' lang='lat' dir='ltr'>qua</span> <span class='ocrx_word' id='word_1_127' title='bbox 438 1321 667 1389; x_wconf 85' lang='lat' dir='ltr'>voluptateanimi</span> <span class='ocrx_word' id='word_1_128' title='bbox 679 1321 753 1373; x_wconf 79' lang='lat' dir='ltr'>nulla</span> <span class='ocrx_word' id='word_1_129' title='bbox 761 1323 837 1375; x_wconf 89' lang='lat' dir='ltr'>certe</span> <span class='ocrx_word' id='word_1_130' title='bbox 846 1323 938 1390; x_wconf 88' lang='lat' dir='ltr'>potest</span> 
     </span>
     <span class='ocr_line' id='line_1_18' title="bbox 93 1414 770 1466; baseline -0.013 -14"><span class='ocrx_word' id='word_1_131' title='bbox 93 1414 260 1466; x_wconf 69' lang='lat' dir='ltr'>esscmajor.</span> <span class='ocrx_word' id='word_1_132' title='bbox 767 1438 770 1443; x_wconf 75' lang='grc'><strong><em>,</em></strong></span> 
     </span>
    </p>

    <p class='ocr_par' dir='ltr' id='par_1_3' title="bbox 18 1469 937 1690">
     <span class='ocr_line' id='line_1_19' title="bbox 18 1469 934 1540; baseline -0.005 -13"><span class='ocrx_word' id='word_1_133' title='bbox 18 1481 20 1485; x_wconf 85' lang='grc'><strong>’</strong></span> <span class='ocrx_word' id='word_1_134' title='bbox 145 1473 213 1535; x_wconf 61' lang='lat' dir='ltr'>XV„</span> <span class='ocrx_word' id='word_1_135' title='bbox 223 1479 264 1527; x_wconf 84' lang='lat'>51.</span> <span class='ocrx_word' id='word_1_136' title='bbox 282 1472 370 1526; x_wconf 91' lang='lat' dir='ltr'>Venio</span> <span class='ocrx_word' id='word_1_137' title='bbox 381 1488 453 1533; x_wconf 84' lang='lat' dir='ltr'>nune</span> <span class='ocrx_word' id='word_1_138' title='bbox 464 1471 501 1524; x_wconf 90' lang='lat' dir='ltr'>ad</span> <span class='ocrx_word' id='word_1_139' title='bbox 517 1471 672 1540; x_wconf 88' lang='lat' dir='ltr'>voluptates</span> <span class='ocrx_word' id='word_1_140' title='bbox 689 1469 868 1538; x_wconf 77' lang='lat' dir='ltr'>agricolarum</span> <span class='ocrx_word' id='word_1_141' title='bbox 881 1471 934 1538; x_wconf 89' lang='lat' dir='ltr'>qui·</span> 
     </span>
     <span class='ocr_line' id='line_1_20' title="bbox 93 1545 936 1618; baseline -0.007 -15"><span class='ocrx_word' id='word_1_142' title='bbox 93 1548 144 1603; x_wconf 92' lang='lat' dir='ltr'>bus</span> <span class='ocrx_word' id='word_1_143' title='bbox 156 1565 206 1618; x_wconf 83' lang='lat' dir='ltr'>ego</span> <span class='ocrx_word' id='word_1_144' title='bbox 218 1547 416 1602; x_wconf 85' lang='lat' dir='ltr'>incredibiliter</span> <span class='ocrx_word' id='word_1_145' title='bbox 428 1547 557 1613; x_wconf 88' lang='lat' dir='ltr'>delector,</span> <span class='ocrx_word' id='word_1_146' title='bbox 571 1563 641 1616; x_wconf 86' lang='lat' dir='ltr'>quae</span> <span class='ocrx_word' id='word_1_147' title='bbox 653 1564 703 1600; x_wconf 91' lang='lat' dir='ltr'>nec</span> <span class='ocrx_word' id='word_1_148' title='bbox 715 1546 771 1600; x_wconf 88' lang='lat' dir='ltr'>ulla</span> <span class='ocrx_word' id='word_1_149' title='bbox 787 1545 936 1616; x_wconf 82' lang='lat' dir='ltr'>impediun·</span> 
     </span>
     <span class='ocr_line' id='line_1_21' title="bbox 93 1620 937 1690; baseline -0.006 -12"><span class='ocrx_word' id='word_1_150' title='bbox 93 1629 140 1678; x_wconf 90' lang='lat' dir='ltr'>tur</span> <span class='ocrx_word' id='word_1_151' title='bbox 170 1628 311 1678; x_wconf 87' lang='lat' dir='ltr'>senectute</span> <span class='ocrx_word' id='word_1_152' title='bbox 340 1626 368 1678; x_wconf 90' lang='lat' dir='ltr'>et</span> <span class='ocrx_word' id='word_1_153' title='bbox 392 1622 458 1676; x_wconf 92' lang='lat' dir='ltr'>mihi</span> <span class='ocrx_word' id='word_1_154' title='bbox 487 1622 524 1674; x_wconf 87' lang='lat' dir='ltr'>ad</span> <span class='ocrx_word' id='word_1_155' title='bbox 553 1623 683 1690; x_wconf 86' lang='lat' dir='ltr'>sapientis</span> <span class='ocrx_word' id='word_1_156' title='bbox 706 1623 791 1676; x_wconf 83' lang='lat' dir='ltr'>vitam</span> <span class='ocrx_word' id='word_1_157' title='bbox 816 1620 937 1690; x_wconf 80' lang='lat' dir='ltr'>proxime</span> 
     </span>
    </p>

    <p class='ocr_par' dir='ltr' id='par_1_4' title="bbox 18 1698 941 2221">
     <span class='ocr_line' id='line_1_22' title="bbox 18 1698 939 1754; baseline -0.003 -1"><span class='ocrx_word' id='word_1_158' title='bbox 18 1704 26 1718; x_wconf 76' lang='lat'><em>⁶</em></span> <span class='ocrx_word' id='word_1_159' title='bbox 93 1701 220 1754; x_wconf 86' lang='lat' dir='ltr'>videntur</span> <span class='ocrx_word' id='word_1_160' title='bbox 239 1699 375 1753; x_wconf 88' lang='lat' dir='ltr'>accedere.</span> <span class='ocrx_word' id='word_1_161' title='bbox 412 1698 525 1751; x_wconf 81' lang='lat' dir='ltr'>Habent</span> <span class='ocrx_word' id='word_1_162' title='bbox 543 1698 615 1750; x_wconf 90' lang='lat' dir='ltr'>enim</span> <span class='ocrx_word' id='word_1_163' title='bbox 632 1699 766 1752; x_wconf 86' lang='lat' dir='ltr'>rationem</span> <span class='ocrx_word' id='word_1_164' title='bbox 783 1714 845 1751; x_wconf 91' lang='lat' dir='ltr'>cum</span> <span class='ocrx_word' id='word_1_165' title='bbox 862 1701 939 1751; x_wconf 87' lang='lat' dir='ltr'>terra</span> 
     </span>
     <span class='ocr_line' id='line_1_23' title="bbox 95 1773 939 1844; baseline -0.002 -16"><span class='ocrx_word' id='word_1_166' title='bbox 95 1793 165 1844; x_wconf 85' lang='lat' dir='ltr'>quae</span> <span class='ocrx_word' id='word_1_167' title='bbox 194 1791 331 1843; x_wconf 88' lang='lat' dir='ltr'>nunquam</span> <span class='ocrx_word' id='word_1_168' title='bbox 355 1777 463 1827; x_wconf 86' lang='lat' dir='ltr'>recusat</span> <span class='ocrx_word' id='word_1_169' title='bbox 486 1773 636 1842; x_wconf 80' lang='lat' dir='ltr'>imperium,</span> <span class='ocrx_word' id='word_1_170' title='bbox 659 1789 710 1827; x_wconf 88' lang='lat' dir='ltr'>nee</span> <span class='ocrx_word' id='word_1_171' title='bbox 737 1789 858 1841; x_wconf 88' lang='lat' dir='ltr'>unquam</span> <span class='ocrx_word' id='word_1_172' title='bbox 882 1773 939 1826; x_wconf 90' lang='lat' dir='ltr'>sine</span> 
     </span>
     <span class='ocr_line' id='line_1_24' title="bbox 95 1848 939 1918; baseline -0.002 -15"><span class='ocrx_word' id='word_1_173' title='bbox 95 1868 176 1903; x_wconf 82' lang='lat' dir='ltr'>usura</span> <span class='ocrx_word' id='word_1_174' title='bbox 187 1851 280 1904; x_wconf 88' lang='lat' dir='ltr'>reddit</span> <span class='ocrx_word' id='word_1_175' title='bbox 292 1850 366 1918; x_wconf 89' lang='lat' dir='ltr'>quod</span> <span class='ocrx_word' id='word_1_176' title='bbox 384 1849 496 1917; x_wconf 86' lang='lat' dir='ltr'>accepit,</span> <span class='ocrx_word' id='word_1_177' title='bbox 507 1849 558 1902; x_wconf 89' lang='lat' dir='ltr'>sed</span> <span class='ocrx_word' id='word_1_178' title='bbox 575 1848 642 1902; x_wconf 86' lang='lat' dir='ltr'>alias</span> <span class='ocrx_word' id='word_1_179' title='bbox 654 1849 765 1914; x_wconf 88' lang='lat' dir='ltr'>minore,</span> <span class='ocrx_word' id='word_1_180' title='bbox 778 1849 939 1916; x_wconf 86' lang='lat' dir='ltr'>plerumque</span> 
     </span>
     <span class='ocr_line' id='line_1_25' title="bbox 96 1923 939 1992; baseline 0 -15"><span class='ocrx_word' id='word_1_181' title='bbox 96 1925 198 1992; x_wconf 79' lang='lat' dir='ltr'>majore</span> <span class='ocrx_word' id='word_1_182' title='bbox 210 1941 271 1978; x_wconf 91' lang='lat' dir='ltr'>eum</span> <span class='ocrx_word' id='word_1_183' title='bbox 282 1926 382 1978; x_wconf 87' lang='lat' dir='ltr'>fenore.</span> <span class='ocrx_word' id='word_1_184' title='bbox 408 1924 579 1992; x_wconf 79' lang='lat' dir='ltr'>Quamquam</span> <span class='ocrx_word' id='word_1_185' title='bbox 591 1940 635 1977; x_wconf 93' lang='lat' dir='ltr'>me</span> <span class='ocrx_word' id='word_1_186' title='bbox 647 1924 758 1992; x_wconf 87' lang='lat' dir='ltr'>quidem</span> <span class='ocrx_word' id='word_1_187' title='bbox 770 1941 823 1977; x_wconf 91' lang='lat' dir='ltr'>non</span> <span class='ocrx_word' id='word_1_188' title='bbox 835 1923 939 1977; x_wconf 86' lang='lat' dir='ltr'>fructus</span> 
     </span>
     <span class='ocr_line' id='line_1_26' title="bbox 96 2000 940 2068; baseline -0.004 -13"><span class='ocrx_word' id='word_1_189' title='bbox 96 2001 176 2055; x_wconf 87' lang='lat' dir='ltr'>modo</span> <span class='ocrx_word' id='word_1_190' title='bbox 194 2000 244 2054; x_wconf 88' lang='lat' dir='ltr'>sed</span> <span class='ocrx_word' id='word_1_191' title='bbox 261 2001 344 2055; x_wconf 85' lang='lat' dir='ltr'>etiam</span> <span class='ocrx_word' id='word_1_192' title='bbox 360 2000 445 2068; x_wconf 88' lang='lat' dir='ltr'>ipsius</span> <span class='ocrx_word' id='word_1_193' title='bbox 462 2004 555 2055; x_wconf 87' lang='lat' dir='ltr'>terrae</span> <span class='ocrx_word' id='word_1_194' title='bbox 573 2000 614 2054; x_wconf 84' lang='lat' dir='ltr'>vis</span> <span class='ocrx_word' id='word_1_195' title='bbox 631 2017 663 2054; x_wconf 90' lang='lat' dir='ltr'>ac</span> <span class='ocrx_word' id='word_1_196' title='bbox 683 2004 782 2053; x_wconf 88' lang='lat' dir='ltr'>natura</span> <span class='ocrx_word' id='word_1_197' title='bbox 805 2000 940 2063; x_wconf 87' lang='lat' dir='ltr'>delectat;</span> 
     </span>
     <span class='ocr_line' id='line_1_27' title="bbox 96 2075 939 2146; baseline -0.002 -16"><span class='ocrx_word' id='word_1_198' title='bbox 96 2095 166 2146; x_wconf 88' lang='lat' dir='ltr'>quae</span> <span class='ocrx_word' id='word_1_199' title='bbox 183 2093 268 2146; x_wconf 90' lang='lat' dir='ltr'>quum</span> <span class='ocrx_word' id='word_1_200' title='bbox 287 2077 390 2145; x_wconf 82' lang='lat' dir='ltr'>gremio</span> <span class='ocrx_word' id='word_1_201' title='bbox 407 2076 511 2130; x_wconf 91' lang='lat' dir='ltr'>mollito</span> <span class='ocrx_word' id='word_1_202' title='bbox 528 2093 561 2130; x_wconf 89' lang='lat' dir='ltr'>ac</span> <span class='ocrx_word' id='word_1_203' title='bbox 577 2075 689 2129; x_wconf 86' lang='lat' dir='ltr'>subacto</span> <span class='ocrx_word' id='word_1_204' title='bbox 707 2092 830 2143; x_wconf 88' lang='lat' dir='ltr'>sparsum</span> <span class='ocrx_word' id='word_1_205' title='bbox 848 2091 939 2128; x_wconf 84' lang='lat' dir='ltr'>semen</span> 
     </span>
     <span class='ocr_line' id='line_1_28' title="bbox 96 2151 941 2221; baseline -0.006 -14"><span class='ocrx_word' id='word_1_206' title='bbox 96 2153 212 2221; x_wconf 83' lang='lat' dir='ltr'>excepit,</span> <span class='ocrx_word' id='word_1_207' title='bbox 224 2153 342 2220; x_wconf 87' lang='lat' dir='ltr'>primum</span> <span class='ocrx_word' id='word_1_208' title='bbox 352 2152 381 2205; x_wconf 92' lang='lat' dir='ltr'>id</span> <span class='ocrx_word' id='word_1_209' title='bbox 399 2156 570 2219; x_wconf 78' lang='lat' dir='ltr'>occaecatum</span> <span class='ocrx_word' id='word_1_210' title='bbox 587 2151 703 2216; x_wconf 88' lang='lat' dir='ltr'>cohibet,</span> <span class='ocrx_word' id='word_1_211' title='bbox 717 2168 751 2204; x_wconf 81' lang='lat' dir='ltr'>ex</span> <span class='ocrx_word' id='word_1_212' title='bbox 769 2167 822 2218; x_wconf 92' lang='lat' dir='ltr'>quo</span> <span class='ocrx_word' id='word_1_213' title='bbox 839 2151 941 2203; x_wconf 89' lang='lat' dir='ltr'>occatio</span> 
     </span>
    </p>

    <p class='ocr_par' dir='ltr' id='par_1_5' title="bbox 78 2226 997 3198">
     <span class='ocr_line' id='line_1_29' title="bbox 78 2226 941 2296; baseline -0.003 -15"><span class='ocrx_word' id='word_1_214' title='bbox 78 2261 83 2268; x_wconf 89' lang='lat'><em>-</em></span> <span class='ocrx_word' id='word_1_215' title='bbox 97 2245 167 2296; x_wconf 90' lang='lat' dir='ltr'>quae</span> <span class='ocrx_word' id='word_1_216' title='bbox 178 2228 228 2282; x_wconf 92' lang='lat' dir='ltr'>hoc</span> <span class='ocrx_word' id='word_1_217' title='bbox 239 2229 320 2282; x_wconf 88' lang='lat' dir='ltr'>efficit</span> <span class='ocrx_word' id='word_1_218' title='bbox 331 2229 468 2281; x_wconf 85' lang='lat' dir='ltr'>nominata</span> <span class='ocrx_word' id='word_1_219' title='bbox 480 2231 537 2292; x_wconf 89' lang='lat' dir='ltr'>est;</span> <span class='ocrx_word' id='word_1_220' title='bbox 554 2227 653 2280; x_wconf 87' lang='lat' dir='ltr'>deinde</span> <span class='ocrx_word' id='word_1_221' title='bbox 665 2226 830 2293; x_wconf 86' lang='lat' dir='ltr'>tepefactum</span> <span class='ocrx_word' id='word_1_222' title='bbox 842 2241 941 2292; x_wconf 82' lang='lat' dir='ltr'>vapore</span> 
     </span>
     <span class='ocr_line' id='line_1_30' title="bbox 97 2300 941 2369; baseline -0.002 -13"><span class='ocrx_word' id='word_1_223' title='bbox 97 2306 127 2356; x_wconf 91' lang='lat' dir='ltr'>et</span> <span class='ocrx_word' id='word_1_224' title='bbox 138 2319 293 2369; x_wconf 88' lang='lat' dir='ltr'>compressu</span> <span class='ocrx_word' id='word_1_225' title='bbox 305 2318 353 2354; x_wconf 91' lang='lat' dir='ltr'>suo</span> <span class='ocrx_word' id='word_1_226' title='bbox 365 2301 484 2354; x_wconf 88' lang='lat' dir='ltr'>diffindit</span> <span class='ocrx_word' id='word_1_227' title='bbox 501 2305 530 2356; x_wconf 89' lang='lat' dir='ltr'>et</span> <span class='ocrx_word' id='word_1_228' title='bbox 549 2301 622 2356; x_wconf 88' lang='lat' dir='ltr'>elicit</span> <span class='ocrx_word' id='word_1_229' title='bbox 640 2300 845 2353; x_wconf 87' lang='lat' dir='ltr'>herbescentem</span> <span class='ocrx_word' id='word_1_230' title='bbox 857 2316 891 2353; x_wconf 84' lang='lat' dir='ltr'>ex</span> <span class='ocrx_word' id='word_1_231' title='bbox 909 2317 941 2354; x_wconf 94' lang='lat' dir='ltr'>eo</span> 
     </span>
     <span class='ocr_line' id='line_1_31' title="bbox 99 2376 942 2450; baseline 0.001 -20"><span class='ocrx_word' id='word_1_232' title='bbox 99 2377 281 2450; x_wconf 84' lang='lat' dir='ltr'>viriditatem:</span> <span class='ocrx_word' id='word_1_233' title='bbox 298 2393 368 2445; x_wconf 87' lang='lat' dir='ltr'>quae</span> <span class='ocrx_word' id='word_1_234' title='bbox 380 2377 444 2430; x_wconf 84' lang='lat' dir='ltr'>nixa</span> <span class='ocrx_word' id='word_1_235' title='bbox 462 2377 539 2429; x_wconf 87' lang='lat' dir='ltr'>fibris</span> <span class='ocrx_word' id='word_1_236' title='bbox 551 2377 678 2445; x_wconf 89' lang='lat' dir='ltr'>stirpium</span> <span class='ocrx_word' id='word_1_237' title='bbox 692 2377 791 2430; x_wconf 88' lang='lat' dir='ltr'>sensim</span> <span class='ocrx_word' id='word_1_238' title='bbox 804 2376 942 2445; x_wconf 87' lang='lat' dir='ltr'>adolescit,</span> 
     </span>
     <span class='ocr_line' id='line_1_32' title="bbox 97 2452 942 2523; baseline 0.001 -17"><span class='ocrx_word' id='word_1_239' title='bbox 97 2454 240 2521; x_wconf 88' lang='lat' dir='ltr'>culmoque</span> <span class='ocrx_word' id='word_1_240' title='bbox 263 2455 355 2506; x_wconf 88' lang='lat' dir='ltr'>erecta</span> <span class='ocrx_word' id='word_1_241' title='bbox 377 2452 529 2520; x_wconf 86' lang='lat' dir='ltr'>geniculato</span> <span class='ocrx_word' id='word_1_242' title='bbox 554 2453 658 2520; x_wconf 83' lang='lat' dir='ltr'>vaginis</span> <span class='ocrx_word' id='word_1_243' title='bbox 672 2453 731 2521; x_wconf 86' lang='lat' dir='ltr'>jam</span> <span class='ocrx_word' id='word_1_244' title='bbox 750 2454 826 2523; x_wconf 89' lang='lat' dir='ltr'>quasi</span> <span class='ocrx_word' id='word_1_245' title='bbox 844 2453 942 2522; x_wconf 88' lang='lat' dir='ltr'>pubes-</span> 
     </span>
     <span class='ocr_line' id='line_1_33' title="bbox 97 2528 942 2598; baseline 0.001 -17"><span class='ocrx_word' id='word_1_246' title='bbox 97 2545 161 2581; x_wconf 92' lang='lat' dir='ltr'>cens</span> <span class='ocrx_word' id='word_1_247' title='bbox 173 2528 335 2594; x_wconf 88' lang='lat' dir='ltr'>ineluditur;</span> <span class='ocrx_word' id='word_1_248' title='bbox 354 2546 369 2584; x_wconf 88' lang='lat' dir='ltr'>e</span> <span class='ocrx_word' id='word_1_249' title='bbox 382 2528 481 2598; x_wconf 89' lang='lat' dir='ltr'>quibus</span> <span class='ocrx_word' id='word_1_250' title='bbox 500 2547 584 2598; x_wconf 91' lang='lat' dir='ltr'>quum</span> <span class='ocrx_word' id='word_1_251' title='bbox 602 2531 721 2597; x_wconf 87' lang='lat' dir='ltr'>emersit,</span> <span class='ocrx_word' id='word_1_252' title='bbox 733 2529 824 2584; x_wconf 80' lang='lat' dir='ltr'>fundit</span> <span class='ocrx_word' id='word_1_253' title='bbox 834 2529 942 2597; x_wconf 83' lang='lat' dir='ltr'>frugem</span> 
     </span>
     <span class='ocr_line' id='line_1_34' title="bbox 96 2605 943 2674; baseline -0.002 -15"><span class='ocrx_word' id='word_1_254' title='bbox 96 2605 163 2674; x_wconf 85' lang='lat' dir='ltr'>spici</span> <span class='ocrx_word' id='word_1_255' title='bbox 176 2605 269 2659; x_wconf 86' lang='lat' dir='ltr'>ordine</span> <span class='ocrx_word' id='word_1_256' title='bbox 281 2609 414 2660; x_wconf 83' lang='lat' dir='ltr'>structam</span> <span class='ocrx_word' id='word_1_257' title='bbox 426 2610 455 2661; x_wconf 86' lang='lat' dir='ltr'>et</span> <span class='ocrx_word' id='word_1_258' title='bbox 472 2611 567 2662; x_wconf 84' lang='lat' dir='ltr'>contra</span> <span class='ocrx_word' id='word_1_259' title='bbox 584 2607 674 2661; x_wconf 87' lang='lat' dir='ltr'>avium</span> <span class='ocrx_word' id='word_1_260' title='bbox 691 2607 826 2661; x_wconf 91' lang='lat' dir='ltr'>minorum</span> <span class='ocrx_word' id='word_1_261' title='bbox 837 2621 943 2659; x_wconf 89' lang='lat' dir='ltr'>morsus</span> 
     </span>
     <span class='ocr_line' id='line_1_35' title="bbox 97 2680 943 2754; baseline -0.006 -17"><span class='ocrx_word' id='word_1_262' title='bbox 97 2680 218 2737; x_wconf 88' lang='lat' dir='ltr'>munitur</span> <span class='ocrx_word' id='word_1_263' title='bbox 235 2682 305 2735; x_wconf 81' lang='lat' dir='ltr'>vallo</span> <span class='ocrx_word' id='word_1_264' title='bbox 322 2682 475 2737; x_wconf 84' lang='lat' dir='ltr'>aristarum.</span> <span class='ocrx_word' id='word_1_265' title='bbox 510 2688 551 2738; x_wconf 79' lang='lat'>52.</span> <span class='ocrx_word' id='word_1_266' title='bbox 570 2683 643 2748; x_wconf 84' lang='lat' dir='ltr'>Quid</span> <span class='ocrx_word' id='word_1_267' title='bbox 666 2701 716 2754; x_wconf 81' lang='lat' dir='ltr'>ego</span> <span class='ocrx_word' id='word_1_268' title='bbox 738 2684 835 2738; x_wconf 79' lang='lat' dir='ltr'>uitium</span> <span class='ocrx_word' id='word_1_269' title='bbox 858 2685 943 2747; x_wconf 88' lang='lat' dir='ltr'>ortus,</span> 
     </span>
     <span class='ocr_line' id='line_1_36' title="bbox 97 2758 943 2826; baseline -0.005 -15"><span class='ocrx_word' id='word_1_270' title='bbox 97 2762 180 2826; x_wconf 80' lang='lat' dir='ltr'>satus,</span> <span class='ocrx_word' id='word_1_271' title='bbox 195 2759 361 2813; x_wconf 85' lang='lat' dir='ltr'>incrementa</span> <span class='ocrx_word' id='word_1_272' title='bbox 379 2761 607 2815; x_wconf 70' lang='lat' dir='ltr'>commemorem?</span> <span class='ocrx_word' id='word_1_273' title='bbox 643 2762 743 2816; x_wconf 81' lang='lat' dir='ltr'>Satiari</span> <span class='ocrx_word' id='word_1_274' title='bbox 762 2758 943 2814; x_wconf 88' lang='lat' dir='ltr'>delectatione</span> 
     </span>
     <span class='ocr_line' id='line_1_37' title="bbox 97 2835 943 2906; baseline -0.002 -21"><span class='ocrx_word' id='word_1_275' title='bbox 97 2851 149 2886; x_wconf 93' lang='lat' dir='ltr'>non</span> <span class='ocrx_word' id='word_1_276' title='bbox 162 2847 277 2902; x_wconf 87' lang='lat' dir='ltr'>possum,</span> <span class='ocrx_word' id='word_1_277' title='bbox 290 2839 322 2890; x_wconf 92' lang='lat' dir='ltr'>ut</span> <span class='ocrx_word' id='word_1_278' title='bbox 334 2852 410 2889; x_wconf 88' lang='lat' dir='ltr'>meae</span> <span class='ocrx_word' id='word_1_279' title='bbox 423 2837 572 2891; x_wconf 84' lang='lat' dir='ltr'>senectutis</span> <span class='ocrx_word' id='word_1_280' title='bbox 589 2837 743 2906; x_wconf 86' lang='lat' dir='ltr'>requietem</span> <span class='ocrx_word' id='word_1_281' title='bbox 763 2835 943 2888; x_wconf 87' lang='lat' dir='ltr'>oblectamen-</span> 
     </span>
     <span class='ocr_line' id='line_1_38' title="bbox 97 2910 943 2980; baseline -0.004 -19"><span class='ocrx_word' id='word_1_282' title='bbox 97 2912 211 2978; x_wconf 90' lang='lat' dir='ltr'>tumque</span> <span class='ocrx_word' id='word_1_283' title='bbox 223 2911 348 2973; x_wconf 85' lang='lat' dir='ltr'>noseatis.</span> <span class='ocrx_word' id='word_1_284' title='bbox 374 2911 480 2964; x_wconf 89' lang='lat' dir='ltr'>Omitto</span> <span class='ocrx_word' id='word_1_285' title='bbox 492 2913 564 2965; x_wconf 89' lang='lat' dir='ltr'>enim</span> <span class='ocrx_word' id='word_1_286' title='bbox 576 2913 631 2966; x_wconf 87' lang='lat' dir='ltr'>vim</span> <span class='ocrx_word' id='word_1_287' title='bbox 644 2914 730 2980; x_wconf 88' lang='lat' dir='ltr'>ipsam</span> <span class='ocrx_word' id='word_1_288' title='bbox 742 2910 861 2962; x_wconf 91' lang='lat' dir='ltr'>omnium</span> <span class='ocrx_word' id='word_1_289' title='bbox 873 2923 943 2974; x_wconf 85' lang='lat' dir='ltr'>quae</span> 
     </span>
     <span class='ocr_line' id='line_1_39' title="bbox 96 2984 970 3058; baseline -0.006 -22"><span class='ocrx_word' id='word_1_290' title='bbox 96 2989 262 3052; x_wconf 83' lang='lat' dir='ltr'>generantur</span> <span class='ocrx_word' id='word_1_291' title='bbox 280 3002 295 3039; x_wconf 92' lang='lat' dir='ltr'>e</span> <span class='ocrx_word' id='word_1_292' title='bbox 313 2989 396 3050; x_wconf 86' lang='lat' dir='ltr'>terra,</span> <span class='ocrx_word' id='word_1_293' title='bbox 415 3003 485 3054; x_wconf 80' lang='lat' dir='ltr'>quae</span> <span class='ocrx_word' id='word_1_294' title='bbox 503 3002 538 3039; x_wconf 82' lang='lat' dir='ltr'>en</span> <span class='ocrx_word' id='word_1_295' title='bbox 555 2987 602 3040; x_wconf 84' lang='lat' dir='ltr'>liei</span> <span class='ocrx_word' id='word_1_296' title='bbox 618 2987 732 3041; x_wconf 80' lang='lat' dir='ltr'>tantulo</span> <span class='ocrx_word' id='word_1_297' title='bbox 748 2999 839 3056; x_wconf 59' lang='lat' dir='ltr'>granu</span> <span class='ocrx_word' id='word_1_298' title='bbox 854 2984 911 3058; x_wconf 54' lang='lat' dir='ltr'>aaut</span> <span class='ocrx_word' id='word_1_299' title='bbox 920 2992 970 3054; x_wconf 44' lang='lat' dir='ltr'>JK</span> 
     </span>
     <span class='ocr_line' id='line_1_40' title="bbox 97 3051 997 3125; baseline -0.022 -12"><span class='ocrx_word' id='word_1_300' title='bbox 97 3060 165 3113; x_wconf 84' lang='lat' dir='ltr'>acini</span> <span class='ocrx_word' id='word_1_301' title='bbox 197 3061 303 3115; x_wconf 74' lang='lat' dir='ltr'>vinaceo</span> <span class='ocrx_word' id='word_1_302' title='bbox 327 3063 377 3116; x_wconf 83' lang='lat' dir='ltr'>aut</span> <span class='ocrx_word' id='word_1_303' title='bbox 401 3078 438 3116; x_wconf 85' lang='lat' dir='ltr'>ex</span> <span class='ocrx_word' id='word_1_304' title='bbox 462 3065 627 3117; x_wconf 82' lang='lat' dir='ltr'>ceterarum</span> <span class='ocrx_word' id='word_1_305' title='bbox 645 3061 773 3125; x_wconf 63' lang='lat' dir='ltr'>irutgum</span> <span class='ocrx_word' id='word_1_306' title='bbox 791 3051 997 3103; x_wconf 57' lang='lat' dir='ltr'>‹se-smmum</span> 
     </span>
     <span class='ocr_line' id='line_1_41' title="bbox 87 3115 986 3198; baseline -0.017 -9"><span class='ocrx_word' id='word_1_307' title='bbox 87 3133 280 3198; x_wconf 74' lang='lat' dir='ltr'>minutissimis</span> <span class='ocrx_word' id='word_1_308' title='bbox 301 3137 463 3197; x_wconf 83' lang='lat' dir='ltr'>seminibus</span> <span class='ocrx_word' id='word_1_309' title='bbox 482 3141 589 3197; x_wconf 82' lang='lat' dir='ltr'>tantos</span> <span class='ocrx_word' id='word_1_310' title='bbox 609 3140 738 3190; x_wconf 69' lang='lat' dir='ltr'>truncus</span> <span class='ocrx_word' id='word_1_311' title='bbox 758 3123 929 3179; x_wconf 45' lang='lat' dir='ltr'>ramosum</span> <span class='ocrx_word' id='word_1_312' title='bbox 942 3115 986 3164; x_wconf 53' lang='grc' dir='ltr'><strong><em>Ψ</em></strong></span> 
     </span>
    </p>
   </div>
   <div class='ocr_carea' id='block_1_3' title="bbox 0 0 1033 3412">
    <p class='ocr_par' dir='ltr' id='par_1_6' title="bbox 0 0 1033 3412">
     <span class='ocr_line' id='line_1_42' title="bbox 0 0 1033 3412; baseline 0 0"><span class='ocrx_word' id='word_1_313' title='bbox 0 0 1033 3412; x_wconf 95' lang='lat' dir='ltr'> </span> 
     </span>
    </p>
   </div>
  </div>
 </body>
</html>
