2084 3404
267 137 431 188 LAELIUS.
466 137 544 187 CAP.
564 136 669 187 XXVI.
688 139 810 188 XXVII.
937 139 967 192 57

116 215 236 270 enimse
256 217 315 284 ipsa
342 219 418 272 novit
446 234 583 287 quamque
610 217 732 282 amabilis
756 219 792 272 sit
821 218 968 288 intelligia

116 307 167 360 ego
182 296 341 347 autemnon
357 295 392 347 de
408 294 511 347 virtute
527 310 598 346 nunc
614 294 718 362 loquor,
738 295 788 347 sed
805 294 839 348 de
856 296 967 349 virtutis

115 367 247 434 opinione.
291 369 403 422 Virtute
422 371 493 422 enim
514 369 575 438 ipsa
594 386 648 422 nen
669 375 727 423 tam
749 369 828 423 multi
850 371 968 439 praediti

111 459 175 497 ,esse
190 461 273 512 quam
287 445 373 498 sideri
389 446 490 498 volunt.
515 446 588 498 tHos
605 445 725 498 delectat
745 446 910 511 assentati03
925 447 967 500 his

114 519 195 572 fictus
212 521 248 573 ad
266 521 386 588 ipsorum
404 520 573 574 voluntatem
595 535 684 574 sermo
706 538 791 590 quum
812 521 967 590 adhibetur,

114 596 264 649 orationem
276 596 350 649 illam
362 613 459 650 vanam
471 597 655 650 testimonium
666 613 726 650 esse
735 597 845 650 laudum
857 614 966 650 suarum

114 675 220 738 putant.
265 672 348 726 Nulla
371 677 413 726 est
428 673 521 740 igitur
544 672 612 726 haec
635 672 761 739 amicitia,
784 689 870 741 quum
895 673 966 726 alter

114 763 208 799 verum
218 748 312 801 audire
323 764 376 803 non
388 749 455 815 vult,
465 749 535 803 alter
545 749 582 801 ad
594 749 779 802 mentiendum
787 752 905 816 ,paratus
917 753 965 803 est.
978 745 985 757 ’

114 821 140 873 N
143 838 173 874 ec
192 825 374 891 parasitorum
393 825 420 877 in
443 825 590 878 comoediis
609 824 761 878 assentatio
782 824 871 877 faceta
885 824 966 877 ¹uobis

113 898 262 966 videretur,
275 900 327 952 nisi
339 903 431 956 essent
443 901 544 953 milites
555 900 672 967 gloriosi.

169 1008 172 1014 ·
268 987 375 1050 Magnas
387 1004 445 1035 vero
457 1003 529 1050 agere
541 991 633 1050 gratias
645 988 720 1034 Thais
732 987 811 1033 mihil

113 1055 185 1108 Satis
197 1062 257 1110 erat
266 1059 438 1126 respondere,
448 1073 575 1125 magnas3
587 1058 720 1124 ingentes,
728 1057 824 1124 inquit.
849 1056 964 1122 Semper

113 1134 195 1196 auget
207 1136 360 1184 assentator
372 1132 401 1185 id
413 1132 487 1201 quod
499 1133 523 1184 is
534 1130 613 1199 eujus
627 1130 663 1183 ad
677 1131 847 1184 voluntatem
862 1130 964 1183 dieitur

112 1205 171 1257 vult
193 1220 254 1257 esse
277 1220 412 1271 magnum.
448 1211 488 1258 99.
507 1204 697 1269 Quamobrem,
716 1204 840 1272 quamvis
861 1202 963 1255 blanda

112 1278 166 1331 ista
176 1278 283 1331 vanitas
295 1279 369 1342 apud
380 1295 428 1333 eos
439 1279 512 1333 valet
524 1279 571 1344 qui
583 1279 633 1339 insi
649 1278 724 1331 illam
736 1277 866 1331 allectant
877 1281 962 1344 atque

109 1354 234 1420 inritant,
255 1357 348 1408 tamen
372 1356 454 1409 etiarn
477 1355 616 1423 graviores
640 1355 892 1421 constantioresque
916 1355 963 1407 ad-

111 1431 239 1484 monendi
253 1435 318 1484 sunt
332 1434 365 1484 ιιι
379 1430 499 1484 animum
515 1430 661 1483 advertant
677 1446 712 1483 ne
730 1429 828 1482 callida
844 1435 963 1483 assenta-

111 1506 185 1560 tione
205 1507 353 1576 capiantur.
399 1508 506 1574 Aperte
526 1506 599 1560 enim
620 1505 778 1559 adulantem
803 1521 882 1558 nemo
906 1521 960 1558 uon

110 1581 193 1650 ridet,
213 1583 265 1635 nisi
287 1583 334 1650 qui
357 1581 506 1636 admodum
526 1586 568 1635 est
593 1598 704 1635 excors:
722 1581 841 1635 callidus
864 1580 910 1633 ille
934 1586 962 1634 et

110 1659 233 1711 occultus
252 1675 288 1711 ne
310 1675 339 1712 se
360 1654 483 1712 insinuet
500 1657 621 1711 studiose
643 1658 793 1710 cavendum
819 1660 868 1710 est.
903 1657 962 1710 Nec

111 1733 182 1785 enim
193 1734 319 1788 facillime
331 1735 494 1802 agnoscitur,
511 1734 611 1803 quippe
629 1734 675 1803 qui
692 1735 775 1786 etiam
792 1733 962 1786 adversando

111 1823 192 1876 saepe
216 1813 378 1877 assentetur,
401 1813 431 1863 et
453 1809 563 1876 litigare
587 1825 617 1862 se
641 1810 770 1862 simulans
797 1808 962 1870 blandiatur,

110 1890 195 1950 atque
206 1882 242 1935 ad
254 1887 407 1937 extremum
421 1884 469 1938 det
485 1901 580 1938 manus
596 1885 722 1953 vincique
739 1900 768 1937 se
784 1883 914 1951 patiatur,
930 1887 962 1937 ut

110 1957 134 2009 is
155 1957 203 2026 qui
224 1957 377 2015 illusust
341 1958 377 2013 sit
397 1959 458 2028 plus
478 1960 579 2013 vidisse
601 1960 736 2013 videatur.
773 1958 846 2022 Quid
869 1963 962 2012 autem

109 2033 218 2101 turpius
236 2050 319 2103 quam
336 2035 433 2090 illudit
423 2035 549 2100 lQuod
566 2053 602 2088 ne
619 2035 725 2089 accidat
742 2034 893 2088 cavendum
911 2038 961 2098 est,

110 2109 181 2162 utin
196 2110 335 2179 Epiclero:
582 2125 584 2129 ’

210 2194 293 2242 Hodie
304 2211 343 2242 rne
354 2201 411 2242 ante
423 2210 506 2241 omnes
518 2195 623 2241 comicos
635 2194 724 2241 stultos
736 2209 805 2242 senes

207 2265 319 2312 Versaris
331 2271 405 2328 atque
417 2266 556 2312 emunxeris
568 2265 711 2312 lautissime.

113 2338 169 2387 100.
189 2334 267 2387 llaec
279 2335 351 2387 enirn
364 2335 447 2388 etiam
459 2334 488 2386 in
499 2333 599 2386 fabulis
611 2333 773 2386 stultissima
785 2349 903 2401 persona
918 2336 961 2387 est

104 2409 325 2476 improvidorum
342 2412 371 2463 et
388 2405 560 2463 credulorum
582 2424 686 2463 senum
720 2406 776 2463 Sed
796 2410 886 2463 nescio
906 2426 961 2478 quo

39 2527 52 2544 ,,
109 2487 192 2553 paeto
203 2483 239 2536 ab
255 2484 380 2550 amicitiis
393 2485 576 2553 perfectorum
590 2483 737 2552 hominum,
748 2484 779 2538 id
793 2489 843 2553 est,
856 2485 961 2554 sapien-

110 2561 187 2625 tium,
205 2560 241 2613 de
258 2559 310 2613 hae
326 2560 387 2616 dice
405 2559 539 2628 sapientia
557 2576 628 2628 quae
645 2559 755 2614 ridetur
774 2562 802 2615 in
823 2561 960 2614 hominem

109 2637 208 2689 eadere
219 2651 308 2703 posse,
319 2635 356 2689 ad
367 2636 442 2689 leves
453 2634 587 2688 amicitias
602 2632 718 2688 defluxit
732 2637 826 2690 oratio.
863 2636 960 2700 Quam-

109 2711 203 2764 obrem
215 2709 309 2764 edilia
325 2711 414 2779 prima
429 2711 573 2764 redeamus
590 2725 677 2778 esque
692 2711 752 2780 ipsa
767 2711 960 2766 concludamus

109 2787 261 2855 aliquando
1027 2782 1030 2789 ’

160 2862 284 2916 XXVII.
311 2861 416 2930 Virtus,
431 2860 550 2929 virtus,
542 2877 662 2929 inquam,
679 2861 708 2915 G.
728 2860 814 2913 Fanni
831 2863 860 2911 et
878 2858 960 2922 tuQ.

110 2927 190 3004 Muci,
211 2942 241 2992 et
262 2937 388 2992 conciliat
409 2903 544 2990 amicitids
567 2941 596 2989 et
620 2938 771 2988 conservat
804 2934 843 2984 ln
862 2948 901 2981 ea
919 2937 971 2979 esu

109 3013 180 3066 enim
193 3013 383 3069 convenientia
393 3029 498 3083 rerum,
506 3013 540 3066 in
551 3029 587 3066 ea
597 3006 762 3070 standuna,
757 3021 796 3054 ιι
807 3017 849 3051 ea
859 3000 992 3048 amm

102 3087 146 3153 tia,
167 3106 239 3158 quae
258 3109 348 3163 quum
368 3112 401 3150 se
420 3093 529 3150 extulit
548 3094 582 3144 et
599 3080 738 3142 esimml
745 3078 864 3129 xm&
808 3072 988 3197 μὲἴὲ

91 3161 170 3219 idern
192 3167 335 3239 adspexit
355 3173 546 3271 agnovitque
569 3170 604 3224 in
628 3163 704 3230 alio,
726 3148 799 3210 ὠ
792 3145 836 3200 ‘⁶‘
