2084 3404
298 137 552 193 EPISTULARUM
570 137 671 193 LIBRI
689 145 771 197 Duo.
929 150 962 199 89

109 221 139 284 tc
160 227 229 292 seire
252 228 339 296 cupio.
374 226 457 294 Spem
481 227 627 280 maximam
652 227 740 281 habco
756 229 792 282 in
816 229 902 285 Balbo
922 233 958 286 ad

110 322 191 373 quem
208 304 244 358 de
258 307 288 358 te
303 303 513 370 diligentissime
530 307 559 357 et
574 304 732 374 saepissimo
749 305 847 362 scribo.
883 309 957 361 Illud

109 383 182 434 solco
194 380 296 446 mirari,
309 397 362 434 nou
374 397 419 434 ms
430 379 513 435 toties
526 381 649 450 accipere
663 385 725 435 tuas
741 380 837 437 literas
849 385 957 452 quotics

108 474 126 511 a·
137 458 239 523 Quinto
251 457 316 510 mihi
328 457 415 510 hatra
426 457 581 510 afferantur.
618 459 651 514 ln
665 459 806 512 Britannia
818 459 884 512 nihil
897 476 956 514 csse

107 533 188 587 audio
204 550 294 602 nequo
308 534 367 586 auri
379 551 469 604 usquo
481 535 593 602 argenti.
631 535 666 588 ld
679 534 701 587 si
714 536 754 588 ita
767 538 816 602 est,
829 536 954 589 essedum

107 609 216 677 aliquod
229 610 320 679 capias
332 609 441 677 suadeo,
452 615 482 668 es
493 610 530 663 ad
539 626 587 664 nos
600 628 682 679 quam
694 611 812 680 primum
822 605 955 667 recurras
968 654 970 659 .

107 686 155 740 Sin
173 690 264 740 autem
282 688 339 740 siae
354 688 497 741 Britannia
513 691 605 740 tamen
622 688 730 756 assequi
742 687 817 755 quod
832 688 955 741 volumus

52 822 56 831 ⁴
106 777 256 831 possumus,
269 764 371 832 pertico
385 767 417 818 ut
434 764 470 816 sis
485 761 703 818 inlanriliaribus
716 763 847 818 Caesaris.
884 764 954 816 Mul-

106 843 165 893 tum
185 843 213 893 te
233 841 261 893 in
280 857 312 894 eo
331 840 418 894 irater
439 839 582 908 adjuvabit
601 856 685 905 mons,
701 840 816 894 multum
835 840 955 902 Balhus;

106 914 162 979 sed,
176 917 240 968 mihi
256 917 345 983 crode,
359 920 423 970 tuns
437 916 527 985 pudm
539 921 568 970 et
579 916 657 969 labor
671 917 827 984 plurimum.
862 917 953 986 Impo·

106 995 224 1045 ratorom
236 993 463 1060 liberalissimum,
476 998 595 1046 aetatem
613 993 874 1060 opportunissimam,
884 1010 954 1046 com-

105 1068 306 1122 mendationem
318 1074 393 1122 corto
411 1070 584 1136 singularem,
596 1073 629 1121 nt
642 1068 692 1122 tibi
704 1084 788 1122 unum
800 1069 952 1122 timendum

105 1143 142 1196 sit
153 1159 188 1195 ne
199 1144 259 1212 ipsc
271 1143 322 1198 tibi
335 1145 454 1198 defuisse
467 1144 586 1198 videare.
625 1139 629 1144 ’

257 1264 295 1310 40.
325 1264 362 1310 M.
382 1264 508 1310 CICERO
525 1263 549 1311 S.
569 1264 600 1312 D.
620 1264 805 1312 TREBATIO.

367 1361 424 1422 (vm.
439 1363 477 1414 10.
511 1376 537 1410 a.
552 1376 576 1410 n.
590 1375 611 1410 o.
627 1361 692 1424 701.)
718 1373 721 1379 ·

106 1441 172 1512 Legi
190 1445 253 1503 tuat
269 1441 363 1496 literas
380 1459 415 1495 ex
432 1443 532 1510 quibus
544 1442 669 1499 intellexi
685 1445 714 1498 to
731 1441 840 1497 Caesari
858 1446 952 1497 nostro

105 1519 182 1572 valde
196 1518 260 1588 juso
273 1518 428 1572 consultum
446 1518 554 1575 videri.-
579 1520 630 1573 Est
648 1519 722 1587 quod
740 1519 862 1586 gaudeas
876 1522 905 1572 te
924 1519 952 1571 in

104 1595 156 1648 ista
171 1595 350 1657 locajeenisse
364 1594 410 1647 ubi
429 1595 533 1664 aliquid
547 1597 644 1665 sapere
660 1596 793 1650 viderere.
810 1627 820 1657 e
831 1595 911 1660 Quod
929 1595 952 1647 si

103 1670 129 1724 in
144 1670 312 1724 Britanniam
325 1686 435 1739 quoquo
448 1672 587 1740 profectus
603 1688 685 1739 esses,
697 1672 820 1741 profecto
831 1687 911 1724 nemo
924 1671 951 1723 in

103 1747 149 1800 illa
165 1750 242 1799 tanta
258 1747 345 1799 insula
360 1747 477 1815 peritior
495 1751 524 1801 te
543 1749 648 1801 fuisset.
684 1746 952 1801 Verumtamen-ri-

104 1823 216 1876 deamus
230 1823 301 1885 licet,
317 1839 377 1876 sum
392 1824 495 1876 anima
511 1826 542 1876 te
557 1821 883 1876 invitatus—subinvideo
900 1821 950 1874 tibi

102 1898 175 1952 ult-ro
193 1902 222 1950 tc
240 1897 321 1950 etiam
340 1899 500 1952 arcessitum
519 1899 554 1952 ab
572 1915 604 1951 eo
623 1899 659 1952 ad
684 1914 765 1966 quem
790 1898 874 1951 ceteri
898 1913 950 1950 non

102 1978 215 2043 propter
236 1973 391 2042 superbiam
411 1972 470 2042 ojus
487 1974 536 2028 sed
550 1980 663 2045 proptor
681 1974 885 2042 occupationem
903 1973 950 2027 ad-

103 2052 206 2120 spirare
220 2066 274 2103 non
289 2055 411 2119 possunt.
447 2051 503 2105 Sed
520 2055 551 2105 tn
568 2054 595 2106 in
610 2053 664 2106 ista
678 2053 794 2120 epistola
805 2051 872 2104 nihil
884 2051 948 2104 mihi

102 2126 234 2194 scripsisti
247 2127 282 2180 de
294 2128 349 2180 tuis
361 2126 451 2194 robus,
462 2145 532 2196 quac
544 2129 698 2182 mehercule
711 2129 777 2181 mihi
791 2145 843 2180 non
853 2128 950 2180 minori

102 2219 182 2256 curae
201 2206 266 2255 suut
286 2219 367 2270 quam
388 2220 472 2256 meae.
519 2204 607 2256 Valde
627 2207 720 2256 ruotno
744 2220 779 2255 no
798 2203 898 2271 frigeas
923 2204 949 2255 in

102 2276 228 2332 hibernis.
265 2276 448 2340 Quamobrem
464 2277 569 2329 camino
585 2278 723 2331 luculento
740 2279 872 2330 utendum
891 2296 950 2332 con-

102 2370 163 2417 seo;
189 2352 264 2404 idem
284 2350 376 2405 Mucio
395 2357 424 2406 ot
441 2351 553 2406 Manilio
567 2353 701 2423 placebat,
720 2355 882 2422 pracsertim
903 2356 949 2422 qui

102 2429 173 2495 sagis
191 2444 244 2481 uon
262 2426 423 2483 abundares.
462 2428 633 2496 Quamquam
651 2446 698 2483 vos
717 2447 787 2483 nunc
804 2430 866 2483 istic
881 2434 950 2485 satis

101 2505 190 2558 calere
202 2503 299 2568 audio;
318 2521 370 2571 quo
384 2504 496 2572 quidem
511 2506 606 2558 nuntio
615 2505 695 2560 valdo
707 2506 861 2561 mehercule
873 2507 908 2562 de
920 2512 949 2562 to

101 2581 253 2634 timueram.
290 2580 344 2632 Sed
357 2584 388 2633 tu
402 2580 430 2632 in
442 2596 473 2634 ro
486 2580 597 2634 militari
610 2581 696 2635 multo
709 2599 738 2636 es
749 2584 855 2653 cautipr
867 2601 947 2652 quam

101 2657 129 2710 in
147 2656 377 2724 advocationibus,
391 2656 438 2725 qui
455 2674 545 2726 noque
557 2659 585 2710 in
603 2649 711 2712 Occ'ano
723 2663 818 2715 natare
830 2661 948 2714 volucris

102 2733 316 2802 studiosissimus
328 2732 408 2787 homo
420 2734 539 2801 natandi,
552 2752 642 2802 noque
653 2739 776 2804 spectare
789 2737 948 2801 essedarios,

103 2827 184 2878 quom
204 2815 286 2864 antea
306 2827 341 2863 no
365 2809 531 2864 andabatam
552 2811 664 2879 quidem
688 2811 850 2864 defraudare
873 2815 947 2877 potc-

103 2903 201 2940 ramus.

138 2962 193 3015 Sed
198 2961 258 3030 jam
270 2963 337 3017 satis
345 2961 433 3031 jocati
445 2978 547 3019 sumus.
582 2964 645 3032 ligo
661 2963 699 3017 du
710 2967 745 3016 'te
757 2963 800 3014 ‘ab
808 2963 967 3012 Caesareus
1002 2976 1019 3083 1

99 3053 180 3104 quam
198 3038 347 3107 diligenter
362 3041 526 3112 scripserim
539 3044 607 3098 tute
624 3040 699 3102 suis,
715 3049 809 3102 quam
817 3037 999 3109 muz-2³1³·

371 3137 421 3175 ani
445 3120 673 3176 intermiseram
697 3130 743 3168 ue
762 3107 889 3164 uiderer
905 3094 1019 3144 Xbffl

88 3111 147 3164 Sed
172 3113 334 3172 mehercule
355 3137 367 3188 J

79 3186 182 3244 lissimr'
198 3188 327 3248 hominis
348 3198 472 3270 meique,
491 3191 707 3252 amantissimi
724 3171 886 3240 aalma
902 3158 1019 3222 wilm
