2084 3404
101 101 131 171 ‘ee
330 114 368 163 ιι.
387 115 513 166 runnu
531 115 718 166 oroneoms

101 212 183 264 quam
195 193 367 265 importaret.
395 196 504 253 Deinde
515 197 585 251 illud
594 196 678 252 etiem
686 196 754 250 mihi
766 197 950 266 succurrebat,

100 289 183 340 grave
195 288 256 341 esse
268 288 313 325 mc
325 272 361 326 de
373 271 480 342 judicio
492 273 578 341 patris
589 272 722 342 judicare.
759 272 846 326 Tuum
858 277 952 328 tamen

102 347 225 402 studium
248 351 278 402 et
301 348 443 401 consilium
455 353 575 418 ‘gratum
599 352 796 419 acceptumque
813 354 856 403 est
875 350 950 404 mihi.

103 423 313 478 Excusationem
333 425 519 492 angustiarum
538 425 581 479 tui
599 426 731 494 temporis
745 426 854 495 accipio.
890 426 952 480 Scio

102 499 176 552 enim
189 517 272 569 quam
286 499 373 553 soleas
385 516 446 553 esse
460 505 614 568 occupatus.
651 502 756 555 Emisse
768 505 797 554 te
809 501 952 570 praedium

102 576 280 629 vehementer
291 575 415 642 gande03
432 575 604 645 feliciterque
614 576 665 630 tibi
677 593 737 630 rem
749 577 831 630 istam
843 577 953 631 evenire

103 651 189 720 cupio.
201 662 215 676 ·‘
226 650 287 704 Hoc
300 650 358 703 loco
370 666 414 703 me
426 649 478 704 tibi
492 651 625 718 gratulari
642 652 696 705 noli
713 653 814 706 mirari.
849 652 953 706 Eodem

103 727 175 778 enim
187 726 246 779 fere
258 726 317 781 loco,
327 728 359 778 tu
371 742 480 794 quoque
492 728 591 781 emisse
603 731 632 781 te
643 728 732 782 fecisti
744 745 789 782 me
801 729 953 783 certiorem.

104 801 207 855 llabes.
242 800 428 868 Deponendae
449 802 500 857 tibi
525 806 589 857 sunt
609 803 788 859 urbanitates.
824 805 953 859 Rusticus

105 877 243 929 Romanus
267 877 355 931 factus
379 895 415 932 es.
452 879 593 947 Quomodo
624 896 675 947 ego
703 879 770 933 mihi
793 897 866 935 nunc
889 886 953 934 ento

103 952 194 1005 oculos
206 956 285 1006 tuum
295 951 526 1020 jucundissimum
538 959 714 1023 conspectum
731 959 868 1025 propono!
905 956 954 1009 Vi-

103 1028 170 1081 deor
189 1028 262 1082 enim
281 1029 382 1097 videre,
390 1034 525 1085 ementem
544 1033 574 1084 te
593 1031 710 1085 rusticas
724 1047 776 1100 res,
788 1048 850 1085 cum
864 1031 953 1086 villico

103 1103 269 1172 loquentem,
293 1104 321 1162 in
344 1105 440 1160 lacinia
469 1110 622 1160 servantem
650 1123 686 1160 ex
713 1123 807 1162 mense
834 1109 954 1162 secunde

104 1181 213 1234 semine.
250 1180 307 1235 Sed
326 1181 400 1250 quod
418 1181 456 1236 ad
474 1198 533 1236 rem
551 1183 681 1252 pertinet,
694 1199 738 1237 me
756 1193 816 1237 tum
836 1183 888 1238 tibi
907 1184 954 1238 (1ο-Ι

103 1256 188 1311 fuisse
203 1273 290 1328 aeque
309 1273 341 1311 ae
358 1261 390 1311 ιιι
405 1257 492 1312 doleo.
528 1259 584 1313 Sed
602 1259 657 1313 noli
674 1259 809 1327 dubitare,
827 1260 865 1313 mi
882 1260 953 1328 Tiro,

104 1333 170 1400 quin
181 1336 211 1387 te
223 1333 414 1387 sublevaturus
426 1334 485 1401 sim,
498 1334 614 1388 simodo
629 1335 740 1389 fortuna
750 1351 794 1389 me
805 1357 812 1401 ;
830 1353 954 1404 praesen.

104 1409 155 1461 tim
169 1425 254 1476 quum
270 1409 354 1462 sciam
368 1424 539 1468 communem
556 1409 635 1462 nobis
651 1413 772 1479 emptum
791 1427 851 1464 esse
869 1411 953 1464 istum

104 1482 226 1540 fundum.
262 1482 305 1536 De
327 1483 465 1536 mandatis
484 1483 558 1552 quod
577 1483 629 1537 tibi
648 1500 729 1537 curae
749 1484 803 1538 fuit
824 1490 867 1539 est
886 1486 953 1539 mihi

103 1562 219 1626 gratum.
251 1557 306 1610 Sed
317 1561 382 1625 peto
392 1573 408 1610 a
417 1561 445 1610 te
454 1560 486 1611 ιιι
498 1574 581 1626 quem
593 1558 735 1612 celerrime
746 1558 813 1612 mihi
824 1559 952 1616 librarius

104 1634 237 1699 mittatur,
250 1632 368 1685 maxime
380 1633 492 1701 quidem
505 1634 644 1700 Graecus3
661 1634 779 1688 multum
796 1635 863 1690 mihi
880 1637 952 1692 enim
1033 1673 1035 1676 ⁴

104 1708 220 1777 eripitur
249 1724 348 1776 operae
376 1707 405 1760 in
437 1709 624 1763 exscribendis
653 1710 877 1779 hypomnematis.
912 1714 953 1768 'lu

57 1796 60 1801 ’
104 1785 185 1838 velim
206 1784 234 1837 in
253 1783 349 1853 primis
370 1798 450 1838 cures
466 1787 499 1838 ut
519 1785 619 1854 valeas,
639 1790 671 1840 ιιι
691 1803 746 1839 une
765 1796 953 1855 συμφιλολογεῐν

22 1864 34 1934 J
104 1861 246 1928 possimus.
283 1861 420 1914 Anterum
432 1860 484 1914 tibi
496 1861 665 1917 commendo.
703 1862 781 1918 Vale.

193 1977 215 2027 7.
252 1977 390 2024 CAESAR
406 1977 483 2026 ΙΜΡ.
502 1977 527 2025 S.
546 1978 579 2026 D.
599 1979 768 2027 CICERONI
785 1980 874 2056 IMP.

278 2056 322 2116 (ιιι
338 2066 459 2113 ιιιιοιιιι,
480 2067 518 2104 rx.
537 2059 560 2104 6.
595 2069 622 2106 A.
635 2069 660 2104 u.
674 2070 695 2105 c.
710 2057 784 2119 705.).

105 2142 194 2204 Quum
210 2141 342 2194 Furnium
356 2143 479 2194 nostrum
498 2144 606 2195 tentum
619 2141 756 2209 vidissem,
771 2159 860 2212 neque
878 2144 952 2213 loqui

104 2233 194 2285 neque
218 2217 314 2285 audire
338 2233 399 2270 meo
425 2216 567 2271 commodo
594 2217 754 2287 potuissem,
777 2236 952 2288 properarem

103 2299 188 2362 atque
200 2309 288 2348 essem
301 2293 330 2347 in
346 2292 444 2346 itinere
460 2293 617 2362 praemissis
627 2292 686 2363 jam
703 2294 863 2362 legionibus,
876 2313 953 2365 prae-

103 2371 189 2424 terire
201 2374 293 2424 tamen
305 2385 359 2422 non
371 2369 448 2438 potui
460 2370 525 2437 quin
538 2372 567 2423 et
581 2370 729 2424 scriberem
741 2371 778 2424 ad
790 2375 820 2425 te
831 2375 861 2425 et
875 2373 953 2426 illum

104 2447 243 2499 mitterem
259 2445 417 2514 gratiasque
434 2461 561 2513 agerem3
579 2446 632 2500 etsi
648 2446 698 2500 hoc
712 2451 741 2501 et
756 2447 808 2501 feci
826 2464 906 2516 saepe
923 2451 951 2502 et

104 2522 212 2588 saepius
231 2521 298 2573 mihi
314 2520 370 2574 fuet
358 2524 436 2574 turus
452 2522 564 2586 vidcor;
588 2521 628 2575 ita
644 2521 680 2576 de
695 2539 740 2577 me
758 2523 879 2577 mereris.
918 2524 952 2576 In

103 2596 199 2663 primis
215 2611 232 2647 a
247 2599 276 2648 te
292 2599 366 2662 peto,
384 2596 511 2663 quoniam
528 2597 634 2650 confido
649 2611 693 2651 me
709 2598 837 2652 celeriter
852 2598 888 2651 ad
906 2615 952 2651 ur·
978 2664 981 2669 ¹

103 2672 167 2724 bem
179 2674 331 2734 rentummr,
344 2674 376 2723 nt
387 2674 417 2723 te
428 2670 467 2731 ibi
480 2671 595 2738 videam,
608 2676 641 2726 ut
657 2676 705 2726 tuo
707 2673 841 2774 οοιιιίιίο,
853 2676 916 2740 grat
917 2674 951 2741 ia,

103 2748 246 2815 dignitate,
263 2761 314 2813 ope
332 2746 451 2798 omnium
469 2762 561 2799 rerum
579 2747 621 2800 uti
641 2747 770 2828 possim.‚.·
779 2746 834 2801 Ad
854 2765 952 2817 propo-

103 2824 187 2877 situm
199 2788 336 2876 rev’ertar:
350 2821 517 2874 festinationi
527 2838 605 2876 meae
614 2806 799 2892 brevitetrque
808 2823 951 2878 literarum

97 2901 232 2963 ignosces.
270 2897 390 2966 Reliqua
402 2913 437 2950 ex
450 2897 552 2950 Furnio
564 2910 717 2966 cognosces

237 2999 259 3048 8.
299 2999 444 3050 CAESAR
462 2999 568 3049 OPPIO
585 2998 765 3048 Combibit)
779 3000 809 3047 Q.

58 3018 95 3191 ὲ
254 3077 306 3141 (ΑΙ)
325 3095 460 3146 enricum,
482 3095 523 3133 rx.
541 3081 569 3135 7.
606 3092 675 3132 mu.
688 3091 711 3128 o.
727 3076 799 3137 'lbet
890 3128 897 3139 ⁸

97 3147 180 3202 udeo
207 3154 388 3223 mehercule
413 3185 467 3227 ros
492 3164 662 3239 significare
680 3156 782 3217 utens
805 3167 893 3225 sutem
911 3149 997 3200 ΝΜ
