2084 3404
103 132 134 178 30
329 123 368 173 M.
385 124 513 174 TULLII
530 127 719 178 CICERONIS

103 211 163 260 tum
172 208 266 259 nostra
274 202 459 258 familiaritate
468 205 526 259 visa
536 209 586 260 est.
614 205 950 274 Itaquefecinoninvitus

102 285 135 334 ut
150 281 309 348 prodessem
323 280 417 334 multis
433 284 531 348 rogatu
548 286 603 336 tuo.
638 289 663 334 4.
684 282 739 336 Sed
755 287 787 336 ut
803 284 831 336 in
847 283 951 337 (tatone

103 356 215 424 Maj0re,
237 356 285 425 qui
303 361 346 410 est
365 356 482 424 scriptus
501 357 537 410 ad
556 358 632 412 tede
651 362 800 426 senectute,
820 358 950 413 Catonem

101 431 197 485 induxi
212 449 306 486 senem
320 432 514 499 disputantem,
533 434 598 502 quia
611 435 685 488 nulla
700 434 847 488 videbatur
861 435 951 503 aptior

101 525 217 578 persona
231 525 301 578 quae
318 508 354 560 de
371 507 418 560 illa
437 512 529 561 aetate
544 509 710 577 loqueretur,
728 527 809 579 quam
828 510 951 579 ejusqui

102 588 131 639 et
143 585 296 639 diutissime
311 600 394 638 senex
409 583 507 638 fuisset
522 584 593 637 etin
610 586 669 655 ipsa
685 590 826 640 senectute
840 589 950 654 praeter

101 664 207 715 ceteros
224 659 376 724 floruisset3
401 658 447 727 sic,
467 677 551 728 quum
571 663 767 731 accepissemus
789 680 805 716 a
825 662 949 732 patribus

100 737 218 790 maxime
237 735 440 788 memorabilem
461 735 490 788 Ο.
504 735 590 790 Laelii
609 741 638 791 et
660 739 690 793 P.
703 738 835 806 Scipionis
853 739 951 792 famili-

100 813 227 867 aritatem
238 812 329 880 fuisse,
342 811 439 866 idonea
450 812 517 865 mihi
531 812 617 866 Laelii
630 831 746 883 persona
755 814 812 866 visa
825 818 868 867 est
881 831 951 882 quae

101 887 136 941 de
152 888 271 942 amicitia
285 905 317 941 ea
331 888 391 956 ipsa
403 889 551 942 dissereret
564 905 634 958 quae
651 889 791 957 disputata
802 888 838 941 ab
850 905 883 942 eo
895 907 951 944 me

99 961 223 1015 minisset
241 963 377 1016 Scaevola.
414 963 507 1017 Genus
525 967 617 1017 autem
636 964 687 1018 hoc
706 979 860 1017 sermonum
881 965 951 1033 posi-

99 1040 159 1090 tum
176 1038 205 1090 in
223 1037 363 1092 hominum
381 1043 506 1093 veterum
529 1041 691 1093 auctoritate
714 1042 743 1093 et
762 1055 856 1093 eorum
877 1040 950 1094 illus

99 1113 183 1167 trium
197 1114 259 1184 plus
278 1117 367 1169 nescio
383 1131 436 1185 quo
453 1119 534 1185 paeto
548 1116 658 1169 videtur
676 1115 778 1170 habere
796 1116 948 1184 gravitatis.

100 1188 200 1258 Itaque
211 1191 271 1260 ipse
282 1208 344 1245 mea
356 1193 449 1261 legens
461 1192 499 1246 sic
511 1191 612 1246 afficior
623 1191 763 1245 interdum
775 1194 807 1245 ut
817 1192 948 1246 Catonem

98 1279 153 1317 non
175 1282 220 1320 me
240 1267 315 1336 loqui
336 1267 496 1321 existimem.
534 1274 557 1321 5.
584 1268 639 1322 Sed
662 1271 694 1321 ut
714 1271 774 1321 tum
798 1267 834 1320 ad
855 1285 948 1322 senem

99 1355 182 1394 senex
194 1341 229 1395 de
241 1347 387 1407 senectute,
401 1344 439 1396 sic
451 1344 501 1396 hoc
513 1343 582 1396 libro
592 1344 627 1396 ad
639 1343 755 1396 amicum
768 1343 948 1395 amicissimus

97 1417 132 1469 de
157 1417 273 1470 amicitia
299 1417 401 1484 scripsi.
438 1418 505 1470 Tum
529 1421 572 1470 cst
593 1419 660 1471 Cato
685 1418 790 1469 loeutus
811 1433 865 1485 quo
888 1422 948 1471 orat

97 1505 176 1542 nemo
199 1485 257 1543 fere
281 1492 371 1545 senior
391 1492 561 1561 temporibus
585 1491 646 1558 illis,
667 1508 746 1544 nemo
770 1491 946 1558 prudentior:

97 1580 168 1617 nuno
183 1564 290 1619 Laelius
305 1569 334 1619 et
349 1568 465 1634 sapiens,
481 1567 520 1620 sic
534 1567 605 1619 enim
623 1570 665 1619 est
680 1566 798 1632 habitus,
812 1568 841 1620 ct
857 1567 947 1620 amici-

97 1639 152 1692 tiae
172 1640 258 1707 gloria
279 1641 414 1694 excellens
435 1641 471 1694 de
492 1642 610 1694 amicitia
631 1642 759 1709 loquitur.
802 1641 843 1694 Tu
865 1642 945 1696 velim

96 1715 216 1768 animum
233 1733 250 1770 a
267 1732 311 1770 me
329 1733 476 1785 pammper
494 1721 608 1784 avertas,
622 1716 744 1769 Laelium
763 1717 836 1785 loqui
856 1717 944 1785 ipsum

96 1794 184 1859 putes.
220 1793 249 1847 0,
269 1792 389 1846 Fannius
408 1797 436 1846 et
457 1793 489 1857 Q.·
507 1793 613 1845 Mucius
632 1792 669 1844 ad
688 1807 811 1846 socerum
831 1793 944 1847 veniunt

96 1872 158 1934 post
176 1873 292 1921 mortem
306 1869 443 1923 Africani:
463 1868 497 1922 ab
515 1866 558 1921 his
576 1885 665 1922 semro
683 1868 779 1935 oritur,
797 1870 946 1936 respondet

97 1941 212 2010 Laelius,
237 1944 315 2011 cujus
339 1947 398 1997 tota
420 1945 568 2012 disputatio
592 1947 635 1998 est
658 1944 694 1997 de
718 1945 843 2012 amicitia,
863 1961 945 2014 quam

97 2015 189 2084 legens
205 2018 238 2070 tu
260 2021 291 2071 te
309 2019 397 2088 ipsum
411 2037 561 2087 cognosces.

149 2092 188 2146 II.
225 2099 249 2148 6.
268 2095 401 2150 Fsuums.
440 2096 510 2149 Sunt
523 2096 582 2159 ista
598 2094 681 2162 Laeli,
695 2111 745 2148 nee
759 2095 831 2148 enim
849 2096 945 2149 melior

97 2167 138 2220 vir
149 2168 201 2224 suit
214 2170 344 2224 Africano
358 2173 501 2240 quisquam
516 2187 565 2224 noc
577 2170 680 2224 clarior.
718 2170 772 2224 Sed
787 2169 944 2226 existimare

97 2242 182 2298 debes
197 2247 316 2300 omnium
333 2247 424 2301 oculos
441 2247 554 2300 nuncin
569 2251 598 2300 te
616 2262 676 2299 esse
693 2244 843 2313 conjectos3
861 2262 943 2300 unum

97 2323 126 2372 te
140 2322 290 2390 sapientem
309 2327 339 2377 et
358 2324 496 2391 appellant
514 2327 542 2376 et
561 2321 724 2376 existimant.
762 2320 945 2376 Tribuebatur

97 2393 147 2447 hoc
166 2398 247 2450 modo
266 2399 304 2453 M.
323 2398 434 2463 Catoni3
458 2399 557 2453 scimus
577 2397 606 2450 L.
622 2397 739 2451 Atilium
758 2398 832 2465 apud
850 2402 944 2467 patres

97 2474 204 2523 nostros
227 2473 393 2540 appellatum
414 2492 473 2528 esse
498 2475 661 2542 sapientem:
686 2474 735 2527 sed
756 2478 873 2542 uterque
891 2473 944 2527 aiio

97 2545 215 2612 quodam
229 2547 324 2611 modo;
344 2549 446 2601 Atilius
461 2550 526 2617 quia
539 2548 660 2616 prudens
674 2565 735 2602 esse
750 2548 777 2600 in
793 2547 858 2614 jure
871 2546 943 2602 civili

97 2619 245 2687 putabatur
252 2642 259 2685 ;
277 2621 345 2674 Cato
360 2623 424 2691 quia
436 2624 583 2676 multarum
595 2639 687 2676 rerum
699 2639 777 2674 usum
790 2621 942 2676 habebat—

98 2695 183 2747 multa
196 2695 255 2762 ejus
268 2695 335 2748 etin
349 2697 450 2751 Senatu
463 2697 531 2751 etin
544 2698 602 2750 soro
614 2697 657 2751 vel
673 2697 781 2765 provisa
792 2696 944 2765 prudentor

99 2770 139 2823 vel
149 2773 210 2823 acta
219 2773 376 2825 constanter
388 2772 430 2826 vel
442 2789 571 2842 responsa
581 2775 660 2827 acute
671 2771 943 2840 ferebantur-prop-

97 2849 174 2899 terea
187 2845 264 2914 quasi
276 2862 426 2914 cognomen
436 2848 494 2916 jam
507 2847 626 2902 habebat
641 2849 669 2901 in
685 2850 825 2902 senectute
840 2849 944 2916 sapien

97 2922 141 2974 tis
177 2921 215 2974 Te
227 2926 318 2976 autem
334 2922 385 2977 alio
400 2924 518 2992 quodam
533 2924 622 2991 modo,
635 2941 688 2977 non
700 2923 787 2980 solum
799 2928 897 2977 natura
913 2927 944 2978 et

75 2996 216 3061 moribus
233 3013 326 3052 rerum
340 3000 423 3054 etiam
436 3000 529 3055 studio
539 3003 568 3056 et
577 3001 702 3055 doctrina
713 3016 773 3054 esse
784 3000 943 3068 sapientem

68 3073 122 3110 nee
130 3066 210 3119 sieut
219 3072 321 3139 vulgus
330 3077 383 3131 sed
393 3080 426 3132 ut
435 3077 543 3135 eruditi
553 3079 646 3135 solent
652 3076 797 3148 appetisse
802 3075 961 3162 sapientem

68 3130 196 3188 'mm
180 3156 212 3191 ¹²¹
221 3147 340 3216 r&datia
352 3153 474 3215 Graecia
488 3159 705 3216 neminem-7
715 3169 787 3210 nam
798 3167 850 3220 <iffi
860 3152 979 3217 mim
