<?xml version="1.0" encoding="UTF-8"?>
<!DOCTYPE html PUBLIC "-//W3C//DTD XHTML 1.0 Transitional//EN"
    "http://www.w3.org/TR/xhtml1/DTD/xhtml1-transitional.dtd">
<html xmlns="http://www.w3.org/1999/xhtml" xml:lang="en" lang="en">
 <head>
  <title>
</title>
<meta http-equiv="Content-Type" content="text/html;charset=utf-8" />
  <meta name='ocr-system' content='tesseract 3.04.00' />
  <meta name='ocr-capabilities' content='ocr_page ocr_carea ocr_par ocr_line ocrx_word'/>
</head>
<body>
  <div class='ocr_page' id='page_1' title='image "./catomajorsivede01cicegoog_0061.png"; bbox 0 0 2084 3404; ppageno 0'>
   <div class='ocr_carea' id='block_1_1' title="bbox 90 109 712 162">
    <p class='ocr_par' dir='ltr' id='par_1_1' title="bbox 90 109 712 162">
     <span class='ocr_line' id='line_1_1' title="bbox 90 109 712 162; baseline 0.005 -5"><span class='ocrx_word' id='word_1_1' title='bbox 90 112 122 158; x_wconf 74' lang='lat'>50</span> <span class='ocrx_word' id='word_1_2' title='bbox 274 155 275 159; x_wconf 74' lang='grc'>,</span> <span class='ocrx_word' id='word_1_3' title='bbox 315 109 352 158; x_wconf 81' lang='grc' dir='ltr'>Μ.</span> <span class='ocrx_word' id='word_1_4' title='bbox 372 111 500 160; x_wconf 81' lang='lat' dir='ltr'><strong>TULLII</strong></span> <span class='ocrx_word' id='word_1_5' title='bbox 521 113 712 162; x_wconf 61' lang='lat' dir='ltr'>eleusiniis·</span> 
     </span>
    </p>
   </div>
   <div class='ocr_carea' id='block_1_2' title="bbox 52 192 1028 3142">
    <p class='ocr_par' dir='ltr' id='par_1_2' title="bbox 91 192 944 490">
     <span class='ocr_line' id='line_1_2' title="bbox 91 192 942 262; baseline 0.002 -16"><span class='ocrx_word' id='word_1_6' title='bbox 91 208 175 246; x_wconf 83' lang='lat' dir='ltr'>annos</span> <span class='ocrx_word' id='word_1_7' title='bbox 193 208 252 246; x_wconf 88' lang='lat' dir='ltr'>esse</span> <span class='ocrx_word' id='word_1_8' title='bbox 270 192 415 247; x_wconf 76' lang='lat' dir='ltr'>duxeruut.</span> <span class='ocrx_word' id='word_1_9' title='bbox 451 195 531 259; x_wconf 83' lang='lat' dir='ltr'>Quod</span> <span class='ocrx_word' id='word_1_10' title='bbox 549 195 592 247; x_wconf 84' lang='lat' dir='ltr'>est</span> <span class='ocrx_word' id='word_1_11' title='bbox 609 194 696 247; x_wconf 89' lang='lat' dir='ltr'>multo</span> <span class='ocrx_word' id='word_1_12' title='bbox 713 192 836 261; x_wconf 80' lang='lat' dir='ltr'>profecto</span> <span class='ocrx_word' id='word_1_13' title='bbox 854 194 942 262; x_wconf 75' lang='lat' dir='ltr'>inagis</span> 
     </span>
     <span class='ocr_line' id='line_1_3' title="bbox 91 268 941 336; baseline -0.001 -15"><span class='ocrx_word' id='word_1_14' title='bbox 91 269 119 321; x_wconf 91' lang='lat' dir='ltr'>in</span> <span class='ocrx_word' id='word_1_15' title='bbox 137 268 209 320; x_wconf 89' lang='lat' dir='ltr'>veris</span> <span class='ocrx_word' id='word_1_16' title='bbox 225 269 351 336; x_wconf 85' lang='lat' dir='ltr'>patribus</span> <span class='ocrx_word' id='word_1_17' title='bbox 373 269 510 336; x_wconf 87' lang='lat' dir='ltr'>certisque</span> <span class='ocrx_word' id='word_1_18' title='bbox 532 269 693 322; x_wconf 82' lang='lat' dir='ltr'>iaciendum.</span> <span class='ocrx_word' id='word_1_19' title='bbox 729 268 847 320; x_wconf 76' lang='lat' dir='ltr'>Fructus</span> <span class='ocrx_word' id='word_1_20' title='bbox 869 272 941 321; x_wconf 87' lang='lat' dir='ltr'>enim</span> 
     </span>
     <span class='ocr_line' id='line_1_4' title="bbox 92 347 944 414; baseline 0 -14"><span class='ocrx_word' id='word_1_21' title='bbox 92 347 193 414; x_wconf 79' lang='lat' dir='ltr'>ingenii</span> <span class='ocrx_word' id='word_1_22' title='bbox 208 351 237 401; x_wconf 86' lang='lat' dir='ltr'>et</span> <span class='ocrx_word' id='word_1_23' title='bbox 251 347 362 400; x_wconf 85' lang='lat' dir='ltr'>virtutis</span> <span class='ocrx_word' id='word_1_24' title='bbox 377 347 519 414; x_wconf 89' lang='lat' dir='ltr'>omnisque</span> <span class='ocrx_word' id='word_1_25' title='bbox 533 347 719 414; x_wconf 78' lang='lat' dir='ltr'>praestantiae</span> <span class='ocrx_word' id='word_1_26' title='bbox 734 351 794 400; x_wconf 81' lang='lat' dir='ltr'>tum</span> <span class='ocrx_word' id='word_1_27' title='bbox 808 348 944 400; x_wconf 81' lang='lat' dir='ltr'>maximus</span> 
     </span>
     <span class='ocr_line' id='line_1_5' title="bbox 92 422 809 490; baseline -0.001 -15"><span class='ocrx_word' id='word_1_28' title='bbox 92 423 198 490; x_wconf 87' lang='lat' dir='ltr'>capitur</span> <span class='ocrx_word' id='word_1_29' title='bbox 211 440 294 490; x_wconf 89' lang='lat' dir='ltr'>quum</span> <span class='ocrx_word' id='word_1_30' title='bbox 307 422 335 473; x_wconf 89' lang='lat' dir='ltr'>in</span> <span class='ocrx_word' id='word_1_31' title='bbox 347 422 501 488; x_wconf 81' lang='lat' dir='ltr'>proximum</span> <span class='ocrx_word' id='word_1_32' title='bbox 515 438 652 489; x_wconf 83' lang='lat' dir='ltr'><strong>quemque</strong></span> <span class='ocrx_word' id='word_1_33' title='bbox 665 423 809 476; x_wconf 79' lang='lat' dir='ltr'>confertur.</span> 
     </span>
    </p>

    <p class='ocr_par' dir='ltr' id='par_1_3' title="bbox 78 496 1028 3058">
     <span class='ocr_line' id='line_1_6' title="bbox 145 496 943 565; baseline -0.001 -15"><span class='ocrx_word' id='word_1_34' title='bbox 145 498 206 551; x_wconf 88' lang='lat' dir='ltr'>XX.</span> <span class='ocrx_word' id='word_1_35' title='bbox 226 504 265 554; x_wconf 88' lang='lat'>71.</span> <span class='ocrx_word' id='word_1_36' title='bbox 285 498 324 550; x_wconf 91' lang='lat' dir='ltr'>Ut</span> <span class='ocrx_word' id='word_1_37' title='bbox 338 497 422 563; x_wconf 82' lang='lat' dir='ltr'>igitur</span> <span class='ocrx_word' id='word_1_38' title='bbox 437 497 456 548; x_wconf 94' lang='lat' dir='ltr'>ii</span> <span class='ocrx_word' id='word_1_39' title='bbox 472 497 518 564; x_wconf 91' lang='lat' dir='ltr'>qui</span> <span class='ocrx_word' id='word_1_40' title='bbox 535 501 599 550; x_wconf 87' lang='lat' dir='ltr'>suut</span> <span class='ocrx_word' id='word_1_41' title='bbox 616 497 642 549; x_wconf 88' lang='lat' dir='ltr'>in</span> <span class='ocrx_word' id='word_1_42' title='bbox 663 499 798 554; x_wconf 79' lang='lat' dir='ltr'>amicitiae</span> <span class='ocrx_word' id='word_1_43' title='bbox 816 496 943 565; x_wconf 89' lang='lat' dir='ltr'>conjunc-</span> 
     </span>
     <span class='ocr_line' id='line_1_7' title="bbox 91 572 942 642; baseline -0.001 -17"><span class='ocrx_word' id='word_1_44' title='bbox 91 574 230 641; x_wconf 88' lang='lat' dir='ltr'>tionisque</span> <span class='ocrx_word' id='word_1_45' title='bbox 250 572 451 625; x_wconf 81' lang='lat' dir='ltr'>necessitudine</span> <span class='ocrx_word' id='word_1_46' title='bbox 473 573 635 641; x_wconf 86' lang='lat' dir='ltr'>superiores,</span> <span class='ocrx_word' id='word_1_47' title='bbox 657 591 811 642; x_wconf 84' lang='lat' dir='ltr'>exaequare</span> <span class='ocrx_word' id='word_1_48' title='bbox 832 590 861 626; x_wconf 85' lang='lat' dir='ltr'>sc</span> <span class='ocrx_word' id='word_1_49' title='bbox 881 590 942 625; x_wconf 89' lang='lat' dir='ltr'>eum</span> 
     </span>
     <span class='ocr_line' id='line_1_8' title="bbox 91 647 942 713; baseline 0.001 -13"><span class='ocrx_word' id='word_1_50' title='bbox 91 648 264 701; x_wconf 82' lang='lat' dir='ltr'>inferioribus</span> <span class='ocrx_word' id='word_1_51' title='bbox 283 647 393 713; x_wconf 86' lang='lat' dir='ltr'>debent,</span> <span class='ocrx_word' id='word_1_52' title='bbox 413 648 451 700; x_wconf 90' lang='lat' dir='ltr'>sie</span> <span class='ocrx_word' id='word_1_53' title='bbox 469 647 612 701; x_wconf 87' lang='lat' dir='ltr'>inferiores</span> <span class='ocrx_word' id='word_1_54' title='bbox 628 665 680 702; x_wconf 90' lang='lat' dir='ltr'>uon</span> <span class='ocrx_word' id='word_1_55' title='bbox 698 650 791 702; x_wconf 88' lang='lat' dir='ltr'>dolere</span> <span class='ocrx_word' id='word_1_56' title='bbox 808 666 838 702; x_wconf 89' lang='lat' dir='ltr'>se</span> <span class='ocrx_word' id='word_1_57' title='bbox 854 666 871 701; x_wconf 92' lang='lat' dir='ltr'>a</span> <span class='ocrx_word' id='word_1_58' title='bbox 887 650 942 702; x_wconf 89' lang='lat' dir='ltr'>suis</span> 
     </span>
     <span class='ocr_line' id='line_1_9' title="bbox 91 723 941 792; baseline 0 -16"><span class='ocrx_word' id='word_1_59' title='bbox 91 728 139 776; x_wconf 90' lang='lat' dir='ltr'>aut</span> <span class='ocrx_word' id='word_1_60' title='bbox 152 723 260 790; x_wconf 84' lang='lat' dir='ltr'>ingenio</span> <span class='ocrx_word' id='word_1_61' title='bbox 273 726 321 775; x_wconf 87' lang='lat' dir='ltr'>aut</span> <span class='ocrx_word' id='word_1_62' title='bbox 333 724 442 775; x_wconf 86' lang='lat' dir='ltr'>fortuna</span> <span class='ocrx_word' id='word_1_63' title='bbox 454 726 502 776; x_wconf 87' lang='lat' dir='ltr'>aut</span> <span class='ocrx_word' id='word_1_64' title='bbox 516 723 650 790; x_wconf 83' lang='lat' dir='ltr'>dignitate</span> <span class='ocrx_word' id='word_1_65' title='bbox 663 726 792 792; x_wconf 87' lang='lat' dir='ltr'>superari.</span> <span class='ocrx_word' id='word_1_66' title='bbox 821 725 941 788; x_wconf 82' lang='lat' dir='ltr'>Quorum</span> 
     </span>
     <span class='ocr_line' id='line_1_10' title="bbox 90 799 941 868; baseline 0.002 -18"><span class='ocrx_word' id='word_1_67' title='bbox 90 799 213 866; x_wconf 84' lang='lat' dir='ltr'>plerique</span> <span class='ocrx_word' id='word_1_68' title='bbox 242 802 291 850; x_wconf 89' lang='lat' dir='ltr'>aut</span> <span class='ocrx_word' id='word_1_69' title='bbox 321 802 475 866; x_wconf 89' lang='lat' dir='ltr'>queruntur</span> <span class='ocrx_word' id='word_1_70' title='bbox 504 815 612 866; x_wconf 79' lang='lat' dir='ltr'>semper</span> <span class='ocrx_word' id='word_1_71' title='bbox 642 800 747 868; x_wconf 91' lang='lat' dir='ltr'>aliquid</span> <span class='ocrx_word' id='word_1_72' title='bbox 777 805 824 854; x_wconf 90' lang='lat' dir='ltr'>aut</span> <span class='ocrx_word' id='word_1_73' title='bbox 858 801 941 853; x_wconf 87' lang='lat' dir='ltr'>etiam</span> 
     </span>
     <span class='ocr_line' id='line_1_11' title="bbox 91 873 940 943; baseline 0.004 -18"><span class='ocrx_word' id='word_1_74' title='bbox 91 873 275 942; x_wconf 81' lang='lat' dir='ltr'>exprobrant3</span> <span class='ocrx_word' id='word_1_75' title='bbox 297 890 384 941; x_wconf 88' lang='lat' dir='ltr'>eoque</span> <span class='ocrx_word' id='word_1_76' title='bbox 404 873 498 940; x_wconf 88' lang='lat' dir='ltr'>magis,</span> <span class='ocrx_word' id='word_1_77' title='bbox 521 873 544 925; x_wconf 90' lang='lat' dir='ltr'>si</span> <span class='ocrx_word' id='word_1_78' title='bbox 565 874 667 928; x_wconf 90' lang='lat' dir='ltr'>habere</span> <span class='ocrx_word' id='word_1_79' title='bbox 693 893 722 928; x_wconf 90' lang='lat' dir='ltr'>se</span> <span class='ocrx_word' id='word_1_80' title='bbox 746 881 844 943; x_wconf 91' lang='lat' dir='ltr'>putant</span> <span class='ocrx_word' id='word_1_81' title='bbox 868 875 940 942; x_wconf 85' lang='lat' dir='ltr'>quod</span> 
     </span>
     <span class='ocr_line' id='line_1_12' title="bbox 91 949 941 1020; baseline 0 -18"><span class='ocrx_word' id='word_1_82' title='bbox 91 949 207 1002; x_wconf 89' lang='lat' dir='ltr'>officiose</span> <span class='ocrx_word' id='word_1_83' title='bbox 232 953 260 1003; x_wconf 84' lang='lat' dir='ltr'>et</span> <span class='ocrx_word' id='word_1_84' title='bbox 283 949 369 1002; x_wconf 74' lang='lat' dir='ltr'>aulice</span> <span class='ocrx_word' id='word_1_85' title='bbox 393 952 423 1002; x_wconf 88' lang='lat' dir='ltr'>ct</span> <span class='ocrx_word' id='word_1_86' title='bbox 446 965 507 1001; x_wconf 90' lang='lat' dir='ltr'>eum</span> <span class='ocrx_word' id='word_1_87' title='bbox 531 949 624 1002; x_wconf 88' lang='lat' dir='ltr'>labore</span> <span class='ocrx_word' id='word_1_88' title='bbox 648 950 738 1020; x_wconf 83' lang='lat' dir='ltr'>aliquo</span> <span class='ocrx_word' id='word_1_89' title='bbox 765 966 813 1002; x_wconf 91' lang='lat' dir='ltr'>suo</span> <span class='ocrx_word' id='word_1_90' title='bbox 838 953 941 1004; x_wconf 88' lang='lat' dir='ltr'>factum</span> 
     </span>
     <span class='ocr_line' id='line_1_13' title="bbox 91 1024 1028 1093; baseline 0.001 -15"><span class='ocrx_word' id='word_1_91' title='bbox 91 1030 193 1092; x_wconf 89' lang='lat' dir='ltr'>queant</span> <span class='ocrx_word' id='word_1_92' title='bbox 214 1026 311 1079; x_wconf 89' lang='lat' dir='ltr'>dicere.</span> <span class='ocrx_word' id='word_1_93' title='bbox 348 1024 479 1078; x_wconf 88' lang='lat' dir='ltr'>Odiosum</span> <span class='ocrx_word' id='word_1_94' title='bbox 500 1041 564 1078; x_wconf 91' lang='lat' dir='ltr'>sane</span> <span class='ocrx_word' id='word_1_95' title='bbox 578 1030 671 1093; x_wconf 84' lang='lat' dir='ltr'>&#39;genus</span> <span class='ocrx_word' id='word_1_96' title='bbox 691 1025 831 1078; x_wconf 87' lang='lat' dir='ltr'>hominum</span> <span class='ocrx_word' id='word_1_97' title='bbox 855 1027 942 1079; x_wconf 87' lang='lat' dir='ltr'>officia</span> <span class='ocrx_word' id='word_1_98' title='bbox 1024 1063 1028 1069; x_wconf 85' lang='lat'><em>-</em></span> 
     </span>
     <span class='ocr_line' id='line_1_14' title="bbox 92 1100 942 1171; baseline 0 -17"><span class='ocrx_word' id='word_1_99' title='bbox 92 1101 323 1169; x_wconf 85' lang='lat' dir='ltr'>exprobrantium,</span> <span class='ocrx_word' id='word_1_100' title='bbox 334 1118 405 1168; x_wconf 90' lang='lat' dir='ltr'>quae</span> <span class='ocrx_word' id='word_1_101' title='bbox 414 1100 570 1155; x_wconf 86' lang='lat' dir='ltr'>meminisse</span> <span class='ocrx_word' id='word_1_102' title='bbox 581 1100 665 1155; x_wconf 90' lang='lat' dir='ltr'>debet</span> <span class='ocrx_word' id='word_1_103' title='bbox 677 1101 701 1154; x_wconf 91' lang='lat' dir='ltr'>is</span> <span class='ocrx_word' id='word_1_104' title='bbox 713 1102 740 1154; x_wconf 90' lang='lat' dir='ltr'>in</span> <span class='ocrx_word' id='word_1_105' title='bbox 750 1118 831 1171; x_wconf 90' lang='lat' dir='ltr'>quem</span> <span class='ocrx_word' id='word_1_106' title='bbox 844 1102 942 1156; x_wconf 87' lang='lat' dir='ltr'>collata</span> 
     </span>
     <span class='ocr_line' id='line_1_15' title="bbox 92 1176 941 1245; baseline 0.002 -17"><span class='ocrx_word' id='word_1_107' title='bbox 92 1182 162 1244; x_wconf 86' lang='lat' dir='ltr'>suut,</span> <span class='ocrx_word' id='word_1_108' title='bbox 175 1194 229 1230; x_wconf 91' lang='lat' dir='ltr'>non</span> <span class='ocrx_word' id='word_1_109' title='bbox 245 1194 457 1231; x_wconf 88' lang='lat' dir='ltr'>commemorare</span> <span class='ocrx_word' id='word_1_110' title='bbox 475 1177 521 1245; x_wconf 92' lang='lat' dir='ltr'>qui</span> <span class='ocrx_word' id='word_1_111' title='bbox 539 1176 662 1231; x_wconf 88' lang='lat' dir='ltr'>contulit.</span> <span class='ocrx_word' id='word_1_112' title='bbox 700 1181 739 1234; x_wconf 77' lang='lat'>72.</span> <span class='ocrx_word' id='word_1_113' title='bbox 759 1178 941 1242; x_wconf 81' lang='lat' dir='ltr'>Quamobrem</span> 
     </span>
     <span class='ocr_line' id='line_1_16' title="bbox 91 1253 941 1322; baseline 0.001 -17"><span class='ocrx_word' id='word_1_114' title='bbox 91 1259 123 1306; x_wconf 92' lang='lat' dir='ltr'>nt</span> <span class='ocrx_word' id='word_1_115' title='bbox 146 1254 165 1305; x_wconf 93' lang='lat' dir='ltr'>ii</span> <span class='ocrx_word' id='word_1_116' title='bbox 193 1254 240 1322; x_wconf 90' lang='lat' dir='ltr'>qui</span> <span class='ocrx_word' id='word_1_117' title='bbox 266 1254 421 1322; x_wconf 86' lang='lat' dir='ltr'>superiores</span> <span class='ocrx_word' id='word_1_118' title='bbox 448 1257 512 1306; x_wconf 88' lang='lat' dir='ltr'>sunt</span> <span class='ocrx_word' id='word_1_119' title='bbox 538 1253 702 1307; x_wconf 87' lang='lat' dir='ltr'>submittere</span> <span class='ocrx_word' id='word_1_120' title='bbox 729 1271 758 1307; x_wconf 88' lang='lat' dir='ltr'>se</span> <span class='ocrx_word' id='word_1_121' title='bbox 785 1254 888 1308; x_wconf 87' lang='lat' dir='ltr'>debent</span> <span class='ocrx_word' id='word_1_122' title='bbox 914 1253 941 1306; x_wconf 90' lang='lat' dir='ltr'>in</span> 
     </span>
     <span class='ocr_line' id='line_1_17' title="bbox 91 1329 942 1397; baseline 0.002 -16"><span class='ocrx_word' id='word_1_123' title='bbox 91 1329 218 1396; x_wconf 68' lang='lat' dir='ltr'>cipricitin,</span> <span class='ocrx_word' id='word_1_124' title='bbox 236 1330 275 1382; x_wconf 87' lang='lat' dir='ltr'>sic</span> <span class='ocrx_word' id='word_1_125' title='bbox 293 1330 411 1397; x_wconf 87' lang='lat' dir='ltr'>quodam</span> <span class='ocrx_word' id='word_1_126' title='bbox 432 1330 513 1382; x_wconf 92' lang='lat' dir='ltr'>modo</span> <span class='ocrx_word' id='word_1_127' title='bbox 534 1329 676 1382; x_wconf 86' lang='lat' dir='ltr'>inferiores</span> <span class='ocrx_word' id='word_1_128' title='bbox 697 1329 835 1383; x_wconf 81' lang='lat' dir='ltr'>extollere.</span> <span class='ocrx_word' id='word_1_129' title='bbox 872 1329 942 1383; x_wconf 81' lang='lat' dir='ltr'>Sunt</span> 
     </span>
     <span class='ocr_line' id='line_1_18' title="bbox 91 1404 1000 1472; baseline -0.001 -16"><span class='ocrx_word' id='word_1_130' title='bbox 91 1405 163 1456; x_wconf 89' lang='lat' dir='ltr'>enim</span> <span class='ocrx_word' id='word_1_131' title='bbox 177 1405 287 1472; x_wconf 90' lang='lat' dir='ltr'>qnidam</span> <span class='ocrx_word' id='word_1_132' title='bbox 301 1405 348 1472; x_wconf 92' lang='lat' dir='ltr'>qui</span> <span class='ocrx_word' id='word_1_133' title='bbox 365 1404 494 1457; x_wconf 89' lang='lat' dir='ltr'>molestas</span> <span class='ocrx_word' id='word_1_134' title='bbox 510 1405 644 1457; x_wconf 87' lang='lat' dir='ltr'>amicitias</span> <span class='ocrx_word' id='word_1_135' title='bbox 661 1405 771 1470; x_wconf 85' lang='lat' dir='ltr'>faciunt,</span> <span class='ocrx_word' id='word_1_136' title='bbox 789 1421 871 1471; x_wconf 89' lang='lat' dir='ltr'>quum</span> <span class='ocrx_word' id='word_1_137' title='bbox 889 1405 942 1471; x_wconf 89' lang='lat' dir='ltr'>ipsi</span> <span class='ocrx_word' id='word_1_138' title='bbox 995 1412 1000 1420; x_wconf 90' lang='grc'><strong><em>’</em></strong></span> 
     </span>
     <span class='ocr_line' id='line_1_19' title="bbox 92 1479 941 1546; baseline -0.002 -14"><span class='ocrx_word' id='word_1_139' title='bbox 92 1495 121 1532; x_wconf 90' lang='lat' dir='ltr'>se</span> <span class='ocrx_word' id='word_1_140' title='bbox 133 1480 268 1532; x_wconf 87' lang='lat' dir='ltr'>contemni</span> <span class='ocrx_word' id='word_1_141' title='bbox 281 1482 380 1546; x_wconf 86' lang='lat' dir='ltr'>putant</span> <span class='ocrx_word' id='word_1_142' title='bbox 387 1499 394 1543; x_wconf 91' lang='lat'>;</span> <span class='ocrx_word' id='word_1_143' title='bbox 407 1479 481 1545; x_wconf 92' lang='lat' dir='ltr'>quod</span> <span class='ocrx_word' id='word_1_144' title='bbox 493 1496 546 1531; x_wconf 90' lang='lat' dir='ltr'>non</span> <span class='ocrx_word' id='word_1_145' title='bbox 559 1479 616 1532; x_wconf 84' lang='lat' dir='ltr'>sere</span> <span class='ocrx_word' id='word_1_146' title='bbox 628 1479 763 1546; x_wconf 85' lang='lat' dir='ltr'>contingit</span> <span class='ocrx_word' id='word_1_147' title='bbox 778 1479 830 1530; x_wconf 88' lang='lat' dir='ltr'>nisi</span> <span class='ocrx_word' id='word_1_148' title='bbox 845 1479 878 1530; x_wconf 93' lang='lat' dir='ltr'>iis</span> <span class='ocrx_word' id='word_1_149' title='bbox 894 1481 941 1546; x_wconf 93' lang='lat' dir='ltr'>qui</span> 
     </span>
     <span class='ocr_line' id='line_1_20' title="bbox 91 1552 941 1622; baseline -0.001 -15"><span class='ocrx_word' id='word_1_150' title='bbox 91 1555 174 1608; x_wconf 90' lang='lat' dir='ltr'>etiam</span> <span class='ocrx_word' id='word_1_151' title='bbox 194 1552 406 1606; x_wconf 91' lang='lat' dir='ltr'>contemnendos</span> <span class='ocrx_word' id='word_1_152' title='bbox 426 1570 455 1606; x_wconf 89' lang='lat' dir='ltr'>se</span> <span class='ocrx_word' id='word_1_153' title='bbox 476 1553 651 1620; x_wconf 86' lang='lat' dir='ltr'>arbitrantur,</span> <span class='ocrx_word' id='word_1_154' title='bbox 674 1554 721 1622; x_wconf 88' lang='lat' dir='ltr'>qui</span> <span class='ocrx_word' id='word_1_155' title='bbox 742 1553 793 1606; x_wconf 84' lang='lat' dir='ltr'>hnc</span> <span class='ocrx_word' id='word_1_156' title='bbox 814 1553 941 1622; x_wconf 88' lang='lat' dir='ltr'>opinione</span> 
     </span>
     <span class='ocr_line' id='line_1_21' title="bbox 92 1629 941 1696; baseline 0.001 -14"><span class='ocrx_word' id='word_1_157' title='bbox 92 1647 145 1682; x_wconf 88' lang='lat' dir='ltr'>non</span> <span class='ocrx_word' id='word_1_158' title='bbox 166 1629 247 1682; x_wconf 83' lang='lat' dir='ltr'>niodo</span> <span class='ocrx_word' id='word_1_159' title='bbox 268 1629 360 1682; x_wconf 87' lang='lat' dir='ltr'>verbis</span> <span class='ocrx_word' id='word_1_160' title='bbox 381 1630 430 1682; x_wconf 89' lang='lat' dir='ltr'>scd</span> <span class='ocrx_word' id='word_1_161' title='bbox 452 1630 533 1683; x_wconf 89' lang='lat' dir='ltr'>etiam</span> <span class='ocrx_word' id='word_1_162' title='bbox 556 1645 638 1696; x_wconf 88' lang='lat' dir='ltr'>opere</span> <span class='ocrx_word' id='word_1_163' title='bbox 662 1630 778 1686; x_wconf 65' lang='lat' dir='ltr'>levandi⁴</span> <span class='ocrx_word' id='word_1_164' title='bbox 794 1633 882 1683; x_wconf 80' lang='lat' dir='ltr'>sunt.¹</span> <span class='ocrx_word' id='word_1_165' title='bbox 901 1633 941 1686; x_wconf 80' lang='lat'>73.</span> 
     </span>
     <span class='ocr_line' id='line_1_22' title="bbox 92 1705 939 1774; baseline 0 -16"><span class='ocrx_word' id='word_1_166' title='bbox 92 1706 209 1759; x_wconf 85' lang='lat' dir='ltr'>Tantum</span> <span class='ocrx_word' id='word_1_167' title='bbox 227 1708 319 1758; x_wconf 87' lang='lat' dir='ltr'>autem</span> <span class='ocrx_word' id='word_1_168' title='bbox 331 1705 435 1773; x_wconf 87' lang='lat' dir='ltr'>cuique</span> <span class='ocrx_word' id='word_1_169' title='bbox 453 1705 636 1771; x_wconf 87' lang='lat' dir='ltr'>tribuendum,</span> <span class='ocrx_word' id='word_1_170' title='bbox 658 1706 939 1774; x_wconf 63' lang='lat' dir='ltr'>primum,‘&#39;quantum</span> 
     </span>
     <span class='ocr_line' id='line_1_23' title="bbox 91 1781 940 1850; baseline 0.002 -18"><span class='ocrx_word' id='word_1_171' title='bbox 91 1781 149 1850; x_wconf 88' lang='lat' dir='ltr'>ipse</span> <span class='ocrx_word' id='word_1_172' title='bbox 168 1781 274 1835; x_wconf 88' lang='lat' dir='ltr'>efficere</span> <span class='ocrx_word' id='word_1_173' title='bbox 291 1781 395 1849; x_wconf 88' lang='lat' dir='ltr'>possis;</span> <span class='ocrx_word' id='word_1_174' title='bbox 414 1781 514 1834; x_wconf 90' lang='lat' dir='ltr'>deinde</span> <span class='ocrx_word' id='word_1_175' title='bbox 532 1781 623 1848; x_wconf 87' lang='lat' dir='ltr'>etiam,</span> <span class='ocrx_word' id='word_1_176' title='bbox 642 1785 774 1849; x_wconf 89' lang='lat' dir='ltr'>quantum</span> <span class='ocrx_word' id='word_1_177' title='bbox 792 1782 838 1836; x_wconf 89' lang='lat' dir='ltr'>ille</span> <span class='ocrx_word' id='word_1_178' title='bbox 859 1799 940 1850; x_wconf 90' lang='lat' dir='ltr'>quem</span> 
     </span>
     <span class='ocr_line' id='line_1_24' title="bbox 91 1856 941 1926; baseline 0.001 -17"><span class='ocrx_word' id='word_1_179' title='bbox 91 1856 189 1924; x_wconf 86' lang='lat' dir='ltr'>diligas</span> <span class='ocrx_word' id='word_1_180' title='bbox 208 1862 291 1925; x_wconf 89' lang='lat' dir='ltr'>atque</span> <span class='ocrx_word' id='word_1_181' title='bbox 309 1856 424 1924; x_wconf 89' lang='lat' dir='ltr'>adjuves</span> <span class='ocrx_word' id='word_1_182' title='bbox 443 1857 586 1910; x_wconf 83' lang='lat' dir='ltr'>sustinere.</span> <span class='ocrx_word' id='word_1_183' title='bbox 624 1858 647 1910; x_wconf 92' lang='lat' dir='ltr'>N</span> <span class='ocrx_word' id='word_1_184' title='bbox 652 1873 686 1909; x_wconf 89' lang='lat' dir='ltr'>on</span> <span class='ocrx_word' id='word_1_185' title='bbox 704 1857 776 1910; x_wconf 91' lang='lat' dir='ltr'>onim</span> <span class='ocrx_word' id='word_1_186' title='bbox 794 1861 825 1911; x_wconf 92' lang='lat' dir='ltr'>tu</span> <span class='ocrx_word' id='word_1_187' title='bbox 846 1859 941 1926; x_wconf 70' lang='lat' dir='ltr'>possis</span> 
     </span>
     <span class='ocr_line' id='line_1_25' title="bbox 92 1932 940 2003; baseline 0.002 -19"><span class='ocrx_word' id='word_1_188' title='bbox 92 1933 216 2000; x_wconf 87' lang='lat' dir='ltr'>quamvis</span> <span class='ocrx_word' id='word_1_189' title='bbox 233 1933 297 1986; x_wconf 89' lang='lat' dir='ltr'>licet</span> <span class='ocrx_word' id='word_1_190' title='bbox 314 1932 436 1995; x_wconf 71' lang='lat' dir='ltr'>excellas,</span> <span class='ocrx_word' id='word_1_191' title='bbox 453 1948 546 1985; x_wconf 90' lang='lat' dir='ltr'>omnes</span> <span class='ocrx_word' id='word_1_192' title='bbox 564 1936 627 1986; x_wconf 88' lang='lat' dir='ltr'>tuos</span> <span class='ocrx_word' id='word_1_193' title='bbox 644 1933 680 1985; x_wconf 90' lang='lat' dir='ltr'>ad</span> <span class='ocrx_word' id='word_1_194' title='bbox 698 1934 814 1986; x_wconf 88' lang='lat' dir='ltr'>honores</span> <span class='ocrx_word' id='word_1_195' title='bbox 832 1934 940 2003; x_wconf 90' lang='lat' dir='ltr'>amplis-</span> 
     </span>
     <span class='ocr_line' id='line_1_26' title="bbox 92 2007 940 2077; baseline 0.002 -17"><span class='ocrx_word' id='word_1_196' title='bbox 92 2009 174 2061; x_wconf 90' lang='lat' dir='ltr'>simos</span> <span class='ocrx_word' id='word_1_197' title='bbox 190 2008 355 2077; x_wconf 82' lang='lat' dir='ltr'>perducer03</span> <span class='ocrx_word' id='word_1_198' title='bbox 374 2012 406 2060; x_wconf 86' lang='lat' dir='ltr'>ut</span> <span class='ocrx_word' id='word_1_199' title='bbox 415 2007 505 2075; x_wconf 80' lang='lat' dir='ltr'>Scipio</span> <span class='ocrx_word' id='word_1_200' title='bbox 515 2008 544 2061; x_wconf 93' lang='lat' dir='ltr'>P.</span> <span class='ocrx_word' id='word_1_201' title='bbox 556 2008 695 2075; x_wconf 88' lang='lat' dir='ltr'>Rupilium</span> <span class='ocrx_word' id='word_1_202' title='bbox 705 2010 795 2076; x_wconf 91' lang='lat' dir='ltr'>potuit</span> <span class='ocrx_word' id='word_1_203' title='bbox 804 2011 940 2062; x_wconf 88' lang='lat' dir='ltr'>consulem</span> 
     </span>
     <span class='ocr_line' id='line_1_27' title="bbox 91 2083 940 2152; baseline -0.001 -14"><span class='ocrx_word' id='word_1_204' title='bbox 91 2085 206 2151; x_wconf 87' lang='lat' dir='ltr'>officere,</span> <span class='ocrx_word' id='word_1_205' title='bbox 230 2085 344 2137; x_wconf 88' lang='lat' dir='ltr'>fratrem</span> <span class='ocrx_word' id='word_1_206' title='bbox 371 2083 430 2151; x_wconf 89' lang='lat' dir='ltr'>ojus</span> <span class='ocrx_word' id='word_1_207' title='bbox 445 2084 571 2137; x_wconf 51' lang='lat' dir='ltr'>¹Lucium</span> <span class='ocrx_word' id='word_1_208' title='bbox 598 2101 651 2136; x_wconf 88' lang='lat' dir='ltr'>non</span> <span class='ocrx_word' id='word_1_209' title='bbox 677 2085 775 2152; x_wconf 86' lang='lat' dir='ltr'>potnit.</span> <span class='ocrx_word' id='word_1_210' title='bbox 790 2109 795 2140; x_wconf 89' lang='lat'>:</span> <span class='ocrx_word' id='word_1_211' title='bbox 811 2085 891 2148; x_wconf 83' lang='lat' dir='ltr'>Quod</span> <span class='ocrx_word' id='word_1_212' title='bbox 917 2087 940 2137; x_wconf 90' lang='lat' dir='ltr'>si</span> 
     </span>
     <span class='ocr_line' id='line_1_28' title="bbox 91 2159 941 2229; baseline 0 -15"><span class='ocrx_word' id='word_1_213' title='bbox 91 2163 174 2214; x_wconf 91' lang='lat' dir='ltr'>ctiam</span> <span class='ocrx_word' id='word_1_214' title='bbox 188 2160 276 2229; x_wconf 90' lang='lat' dir='ltr'>possis</span> <span class='ocrx_word' id='word_1_215' title='bbox 292 2160 400 2228; x_wconf 81' lang='lat' dir='ltr'>quidvis</span> <span class='ocrx_word' id='word_1_216' title='bbox 417 2159 524 2214; x_wconf 86' lang='lat' dir='ltr'>deferre</span> <span class='ocrx_word' id='word_1_217' title='bbox 541 2160 577 2226; x_wconf 82' lang='lat' dir='ltr'>ad</span> <span class='ocrx_word' id='word_1_218' title='bbox 592 2161 715 2226; x_wconf 88' lang='lat' dir='ltr'>alterum,</span> <span class='ocrx_word' id='word_1_219' title='bbox 725 2159 881 2214; x_wconf 63' lang='lat' dir='ltr'>,videndum</span> <span class='ocrx_word' id='word_1_220' title='bbox 898 2169 941 2214; x_wconf 88' lang='lat' dir='ltr'>est</span> 
     </span>
     <span class='ocr_line' id='line_1_29' title="bbox 91 2235 940 2308; baseline -0.001 -18"><span class='ocrx_word' id='word_1_221' title='bbox 91 2242 183 2291; x_wconf 90' lang='lat' dir='ltr'>tamen</span> <span class='ocrx_word' id='word_1_222' title='bbox 196 2237 263 2305; x_wconf 91' lang='lat' dir='ltr'>quid</span> <span class='ocrx_word' id='word_1_223' title='bbox 277 2237 323 2290; x_wconf 93' lang='lat' dir='ltr'>ille</span> <span class='ocrx_word' id='word_1_224' title='bbox 337 2238 424 2305; x_wconf 84' lang='lat' dir='ltr'>possit</span> <span class='ocrx_word' id='word_1_225' title='bbox 438 2236 580 2290; x_wconf 89' lang='lat' dir='ltr'>sustinere.</span> <span class='ocrx_word' id='word_1_226' title='bbox 616 2243 654 2292; x_wconf 78' lang='lat'>74.</span> <span class='ocrx_word' id='word_1_227' title='bbox 667 2235 791 2308; x_wconf 71' lang='lat' dir='ltr'>Omnino</span> <span class='ocrx_word' id='word_1_228' title='bbox 806 2237 940 2290; x_wconf 85' lang='lat' dir='ltr'>amicitiae</span> 
     </span>
     <span class='ocr_line' id='line_1_30' title="bbox 91 2312 941 2381; baseline -0.004 -15"><span class='ocrx_word' id='word_1_229' title='bbox 91 2314 273 2367; x_wconf 88' lang='lat' dir='ltr'>corroboratis</span> <span class='ocrx_word' id='word_1_230' title='bbox 280 2313 340 2381; x_wconf 87' lang='lat' dir='ltr'>jam</span> <span class='ocrx_word' id='word_1_231' title='bbox 353 2313 573 2381; x_wconf 87' lang='lat' dir='ltr'>confirmatisque</span> <span class='ocrx_word' id='word_1_232' title='bbox 589 2317 618 2366; x_wconf 89' lang='lat' dir='ltr'>et</span> <span class='ocrx_word' id='word_1_233' title='bbox 632 2312 747 2379; x_wconf 86' lang='lat' dir='ltr'>ingeniis</span> <span class='ocrx_word' id='word_1_234' title='bbox 762 2317 790 2366; x_wconf 91' lang='lat' dir='ltr'>et</span> <span class='ocrx_word' id='word_1_235' title='bbox 804 2312 941 2365; x_wconf 83' lang='lat' dir='ltr'>aetatibus</span> 
     </span>
     <span class='ocr_line' id='line_1_31' title="bbox 88 2388 940 2457; baseline -0.001 -16"><span class='ocrx_word' id='word_1_236' title='bbox 88 2389 254 2453; x_wconf 85' lang='lat' dir='ltr'>judicandae</span> <span class='ocrx_word' id='word_1_237' title='bbox 274 2392 345 2456; x_wconf 91' lang='lat' dir='ltr'>sunt,</span> <span class='ocrx_word' id='word_1_238' title='bbox 365 2407 416 2443; x_wconf 90' lang='lat' dir='ltr'>nec</span> <span class='ocrx_word' id='word_1_239' title='bbox 429 2389 451 2441; x_wconf 91' lang='lat' dir='ltr'>si</span> <span class='ocrx_word' id='word_1_240' title='bbox 468 2389 515 2457; x_wconf 92' lang='lat' dir='ltr'>qui</span> <span class='ocrx_word' id='word_1_241' title='bbox 533 2390 644 2442; x_wconf 88' lang='lat' dir='ltr'>incunte</span> <span class='ocrx_word' id='word_1_242' title='bbox 661 2392 753 2442; x_wconf 85' lang='lat' dir='ltr'>aetate</span> <span class='ocrx_word' id='word_1_243' title='bbox 764 2388 880 2441; x_wconf 82' lang='lat' dir='ltr'>venandi</span> <span class='ocrx_word' id='word_1_244' title='bbox 894 2394 940 2440; x_wconf 88' lang='lat' dir='ltr'>aut</span> 
     </span>
     <span class='ocr_line' id='line_1_32' title="bbox 91 2464 940 2532; baseline 0 -18"><span class='ocrx_word' id='word_1_245' title='bbox 91 2464 161 2530; x_wconf 75' lang='lat' dir='ltr'>pilae</span> <span class='ocrx_word' id='word_1_246' title='bbox 176 2465 291 2516; x_wconf 89' lang='lat' dir='ltr'>studiosi</span> <span class='ocrx_word' id='word_1_247' title='bbox 305 2466 424 2530; x_wconf 87' lang='lat' dir='ltr'>suerunt,</span> <span class='ocrx_word' id='word_1_248' title='bbox 439 2482 485 2517; x_wconf 87' lang='lat' dir='ltr'>eos</span> <span class='ocrx_word' id='word_1_249' title='bbox 500 2464 601 2518; x_wconf 90' lang='lat' dir='ltr'>habore</span> <span class='ocrx_word' id='word_1_250' title='bbox 616 2465 781 2518; x_wconf 87' lang='lat' dir='ltr'>necessarios</span> <span class='ocrx_word' id='word_1_251' title='bbox 798 2481 865 2532; x_wconf 90' lang='lat' dir='ltr'>quos</span> <span class='ocrx_word' id='word_1_252' title='bbox 881 2468 940 2516; x_wconf 88' lang='lat' dir='ltr'>tum</span> 
     </span>
     <span class='ocr_line' id='line_1_33' title="bbox 91 2539 940 2606; baseline 0 -17"><span class='ocrx_word' id='word_1_253' title='bbox 91 2539 186 2590; x_wconf 86' lang='lat' dir='ltr'>eodem</span> <span class='ocrx_word' id='word_1_254' title='bbox 214 2539 305 2590; x_wconf 86' lang='lat' dir='ltr'>studio</span> <span class='ocrx_word' id='word_1_255' title='bbox 328 2540 469 2606; x_wconf 83' lang='lat' dir='ltr'>praeditos</span> <span class='ocrx_word' id='word_1_256' title='bbox 494 2541 668 2601; x_wconf 84' lang='lat' dir='ltr'>dilcxerunt;</span> <span class='ocrx_word' id='word_1_257' title='bbox 691 2540 745 2592; x_wconf 90' lang='lat' dir='ltr'>isto</span> <span class='ocrx_word' id='word_1_258' title='bbox 768 2539 839 2592; x_wconf 90' lang='lat' dir='ltr'>enim</span> <span class='ocrx_word' id='word_1_259' title='bbox 860 2539 940 2590; x_wconf 92' lang='lat' dir='ltr'>modo</span> 
     </span>
     <span class='ocr_line' id='line_1_34' title="bbox 92 2612 940 2683; baseline 0.001 -19"><span class='ocrx_word' id='word_1_260' title='bbox 92 2613 210 2665; x_wconf 89' lang='lat' dir='ltr'>nutrices</span> <span class='ocrx_word' id='word_1_261' title='bbox 229 2617 257 2664; x_wconf 88' lang='lat' dir='ltr'>et</span> <span class='ocrx_word' id='word_1_262' title='bbox 275 2614 425 2680; x_wconf 82' lang='lat' dir='ltr'>paedagogi</span> <span class='ocrx_word' id='word_1_263' title='bbox 440 2613 504 2680; x_wconf 87' lang='lat' dir='ltr'>jure</span> <span class='ocrx_word' id='word_1_264' title='bbox 526 2616 672 2667; x_wconf 85' lang='lat' dir='ltr'>vetustatis</span> <span class='ocrx_word' id='word_1_265' title='bbox 693 2615 838 2683; x_wconf 89' lang='lat' dir='ltr'>plurimum</span> <span class='ocrx_word' id='word_1_266' title='bbox 859 2612 940 2665; x_wconf 87' lang='lat' dir='ltr'>bene-</span> 
     </span>
     <span class='ocr_line' id='line_1_35' title="bbox 91 2689 939 2757; baseline -0.001 -16"><span class='ocrx_word' id='word_1_267' title='bbox 91 2689 224 2742; x_wconf 89' lang='lat' dir='ltr'>volentiae</span> <span class='ocrx_word' id='word_1_268' title='bbox 237 2689 425 2757; x_wconf 88' lang='lat' dir='ltr'>postulabunt:</span> <span class='ocrx_word' id='word_1_269' title='bbox 445 2690 492 2757; x_wconf 92' lang='lat' dir='ltr'>qui</span> <span class='ocrx_word' id='word_1_270' title='bbox 504 2690 657 2756; x_wconf 81' lang='lat' dir='ltr'>negligendi</span> <span class='ocrx_word' id='word_1_271' title='bbox 672 2690 782 2757; x_wconf 90' lang='lat' dir='ltr'>quidem</span> <span class='ocrx_word' id='word_1_272' title='bbox 799 2704 852 2740; x_wconf 89' lang='lat' dir='ltr'>non</span> <span class='ocrx_word' id='word_1_273' title='bbox 869 2693 939 2752; x_wconf 88' lang='lat' dir='ltr'>sunt,</span> 
     </span>
     <span class='ocr_line' id='line_1_36' title="bbox 91 2761 941 2832; baseline -0.004 -14"><span class='ocrx_word' id='word_1_274' title='bbox 91 2766 142 2818; x_wconf 90' lang='lat' dir='ltr'>scd</span> <span class='ocrx_word' id='word_1_275' title='bbox 160 2765 212 2817; x_wconf 91' lang='lat' dir='ltr'>alio</span> <span class='ocrx_word' id='word_1_276' title='bbox 235 2764 352 2832; x_wconf 85' lang='lat' dir='ltr'>quodam</span> <span class='ocrx_word' id='word_1_277' title='bbox 374 2766 470 2818; x_wconf 91' lang='lat' dir='ltr'>modo:</span> <span class='ocrx_word' id='word_1_278' title='bbox 492 2765 572 2817; x_wconf 88' lang='lat' dir='ltr'>aliter</span> <span class='ocrx_word' id='word_1_279' title='bbox 592 2765 727 2816; x_wconf 88' lang='lat' dir='ltr'>amicitiae</span> <span class='ocrx_word' id='word_1_280' title='bbox 750 2761 941 2830; x_wconf 76' lang='lat' dir='ltr'>stabiles&#39;per-</span> 
     </span>
     <span class='ocr_line' id='line_1_37' title="bbox 91 2838 940 2909; baseline -0.002 -17"><span class='ocrx_word' id='word_1_281' title='bbox 91 2857 202 2894; x_wconf 87' lang='lat' dir='ltr'>manere</span> <span class='ocrx_word' id='word_1_282' title='bbox 223 2857 276 2893; x_wconf 90' lang='lat' dir='ltr'>non</span> <span class='ocrx_word' id='word_1_283' title='bbox 300 2844 435 2909; x_wconf 50' lang='lat' dir='ltr'>possunt«</span> <span class='ocrx_word' id='word_1_284' title='bbox 458 2840 588 2907; x_wconf 89' lang='lat' dir='ltr'>Dispares</span> <span class='ocrx_word' id='word_1_285' title='bbox 613 2841 684 2892; x_wconf 88' lang='lat' dir='ltr'>euim</span> <span class='ocrx_word' id='word_1_286' title='bbox 707 2838 940 2907; x_wconf 85' lang='lat' dir='ltr'>moresdisparia</span> 
     </span>
     <span class='ocr_line' id='line_1_38' title="bbox 91 2914 940 2985; baseline -0.004 -16"><span class='ocrx_word' id='word_1_287' title='bbox 91 2917 183 2970; x_wconf 86' lang='lat' dir='ltr'>studia</span> <span class='ocrx_word' id='word_1_288' title='bbox 203 2921 355 2985; x_wconf 88' lang='lat' dir='ltr'>sequuntur</span> <span class='ocrx_word' id='word_1_289' title='bbox 375 2932 490 2984; x_wconf 87' lang='lat' dir='ltr'>quorum</span> <span class='ocrx_word' id='word_1_290' title='bbox 513 2915 704 2969; x_wconf 90' lang='lat' dir='ltr'>dissimilitudo</span> <span class='ocrx_word' id='word_1_291' title='bbox 726 2915 853 2967; x_wconf 88' lang='lat' dir='ltr'>dissociat</span> <span class='ocrx_word' id='word_1_292' title='bbox 874 2914 940 2966; x_wconf 88' lang='lat' dir='ltr'>ami-</span> 
     </span>
     <span class='ocr_line' id='line_1_39' title="bbox 78 2989 939 3058; baseline 0.007 -22"><span class='ocrx_word' id='word_1_293' title='bbox 78 2989 180 3050; x_wconf 75' lang='lat' dir='ltr'>eitias;</span> <span class='ocrx_word' id='word_1_294' title='bbox 204 3009 260 3044; x_wconf 86' lang='lat' dir='ltr'>nec</span> <span class='ocrx_word' id='word_1_295' title='bbox 285 2992 321 3046; x_wconf 92' lang='lat' dir='ltr'>ob</span> <span class='ocrx_word' id='word_1_296' title='bbox 350 2992 433 3047; x_wconf 87' lang='lat' dir='ltr'>aliam</span> <span class='ocrx_word' id='word_1_297' title='bbox 461 3008 571 3046; x_wconf 89' lang='lat' dir='ltr'>causam</span> <span class='ocrx_word' id='word_1_298' title='bbox 598 2991 683 3044; x_wconf 87' lang='lat' dir='ltr'>ullam</span> <span class='ocrx_word' id='word_1_299' title='bbox 706 2990 771 3043; x_wconf 87' lang='lat' dir='ltr'>boni</span> <span class='ocrx_word' id='word_1_300' title='bbox 801 2989 939 3058; x_wconf 83' lang='lat' dir='ltr'>improbis,</span> 
     </span>
    </p>

    <p class='ocr_par' dir='ltr' id='par_1_4' title="bbox 52 3029 955 3142">
     <span class='ocr_line' id='line_1_40' title="bbox 52 3029 955 3142; baseline -0.008 -22"><span class='ocrx_word' id='word_1_301' title='bbox 52 3029 190 3120; x_wconf 58' lang='grc' dir='ltr'>ΙῘῐῃβτοὸί</span> <span class='ocrx_word' id='word_1_302' title='bbox 207 3065 290 3122; x_wconf 86' lang='lat' dir='ltr'>bonis</span> <span class='ocrx_word' id='word_1_303' title='bbox 305 3072 390 3126; x_wconf 85' lang='lat' dir='ltr'>amici</span> <span class='ocrx_word' id='word_1_304' title='bbox 408 3088 472 3127; x_wconf 88' lang='lat' dir='ltr'>esse</span> <span class='ocrx_word' id='word_1_305' title='bbox 490 3087 548 3126; x_wconf 86' lang='lat' dir='ltr'>non</span> <span class='ocrx_word' id='word_1_306' title='bbox 565 3072 693 3142; x_wconf 85' lang='lat' dir='ltr'>possunt,</span> <span class='ocrx_word' id='word_1_307' title='bbox 707 3066 763 3120; x_wconf 88' lang='lat' dir='ltr'>nisi</span> <span class='ocrx_word' id='word_1_308' title='bbox 781 3065 859 3134; x_wconf 78' lang='lat' dir='ltr'>quod</span> <span class='ocrx_word' id='word_1_309' title='bbox 871 3067 955 3115; x_wconf 72' lang='lat' dir='ltr'>tanta.</span> 
     </span>
    </p>
   </div>
   <div class='ocr_carea' id='block_1_3' title="bbox 52 3130 976 3222">
    <p class='ocr_par' dir='ltr' id='par_1_5' title="bbox 52 3130 976 3222">
     <span class='ocr_line' id='line_1_41' title="bbox 52 3130 976 3222; baseline 0.011 -38"><span class='ocrx_word' id='word_1_310' title='bbox 52 3130 95 3176; x_wconf 53' lang='grc' dir='ltr'><em>Μ</em></span> <span class='ocrx_word' id='word_1_311' title='bbox 108 3132 194 3188; x_wconf 79' lang='lat' dir='ltr'>inter</span> <span class='ocrx_word' id='word_1_312' title='bbox 208 3157 259 3195; x_wconf 88' lang='lat' dir='ltr'>eos</span> <span class='ocrx_word' id='word_1_313' title='bbox 277 3164 356 3216; x_wconf 83' lang='lat' dir='ltr'>quan</span> <span class='ocrx_word' id='word_1_314' title='bbox 361 3153 393 3206; x_wconf 87' lang='lat' dir='ltr'>ta</span> <span class='ocrx_word' id='word_1_315' title='bbox 407 3152 540 3206; x_wconf 79' lang='lat' dir='ltr'>niaxima</span> <span class='ocrx_word' id='word_1_316' title='bbox 554 3151 657 3222; x_wconf 80' lang='lat' dir='ltr'>pobest</span> <span class='ocrx_word' id='word_1_317' title='bbox 672 3161 737 3202; x_wconf 87' lang='lat' dir='ltr'>csse</span> <span class='ocrx_word' id='word_1_318' title='bbox 752 3156 866 3197; x_wconf 83' lang='lat' dir='ltr'>morum</span> <span class='ocrx_word' id='word_1_319' title='bbox 878 3136 976 3188; x_wconf 57' lang='lat' dir='ltr'>stude.</span> 
     </span>
    </p>
   </div>
   <div class='ocr_carea' id='block_1_4' title="bbox 0 0 1046 3404">
    <p class='ocr_par' dir='ltr' id='par_1_6' title="bbox 0 0 1046 3404">
     <span class='ocr_line' id='line_1_42' title="bbox 0 0 1046 3404; baseline 0 0"><span class='ocrx_word' id='word_1_320' title='bbox 0 0 1046 3404; x_wconf 95' lang='lat' dir='ltr'> </span> 
     </span>
    </p>
   </div>
  </div>
 </body>
</html>
