2084 3404
280 122 535 173 nrrsreuaauu
554 123 655 171 niem
672 91 755 174 uuo.
795 123 798 127 ’
912 132 943 185 91

438 347 526 412 LIB.
549 347 595 413 Il.

101 570 104 576 .
132 530 157 581 1.
174 529 331 580 TULLIUS
348 533 392 580 ΕΤ
409 533 537 584 CICERO
554 535 682 584 TIRONI
699 532 809 583 SUOS.
827 532 857 582 P.
876 532 908 580 D.

360 635 425 699 (nvn
439 639 461 687 9.
497 652 522 688 n.
536 652 559 687 a.
573 651 594 687 c.
609 639 674 702 704.)

92 709 150 764 Nos
165 728 181 765 a
196 715 233 780 te,
250 717 283 768 ut
296 715 355 783 seis,
369 716 543 771 discessimus
558 736 580 772 a.
597 719 622 772 d.
639 734 677 773 rv.
691 709 761 772 Non.
777 717 943 772 Novembr.:

92 785 257 842 Leucadem·
274 791 397 845 venimus
415 810 439 847 a
459 792 485 849 d.
504 809 566 848 v111.
588 795 656 848 Idus
681 794 845 849 Novembr.:
869 811 892 847 a.
914 793 942 847 d.

91 876 141 915 v11.
162 865 290 933 Aetium;
318 867 357 921 ibi
381 872 494 938 propter
513 873 707 938 tempestatem
726 887 750 924 a
771 870 799 923 d.
817 885 855 924 vr.
874 869 943 923 Idus

92 940 189 992 merati
204 957 304 996 sumus.
342 943 413 998 Inde
428 962 452 998 a.
468 943 495 999 d.
509 962 533 999 v.
550 946 618 999 Idus
634 946 779 1015 Corcyram
795 945 944 998 bellissime

92 1014 285 1083 navigavimus.
322 1018 455 1088 Corcyrae
468 1021 569 1073 fuirnus
581 1038 668 1090 usque
680 1038 703 1074 a.
715 1022 742 1076 d.
755 1037 812 1075 xva
826 1021 943 1074 Kalend.

92 1087 244 1158 Decembr,
264 1095 477 1162 tempestatibus
501 1098 613 1150 retenti.
650 1098 686 1150 A.
707 1097 733 1149 d.
754 1112 799 1150 xv.
826 1096 942 1152 Kalend.

92 1165 236 1219 Decembr.
249 1168 278 1220 in
293 1173 404 1236 portum
417 1170 628 1238 Corcyraeorum
642 1171 679 1224 ad
692 1171 839 1238 Cassiopen
853 1170 943 1224 stadia

92 1256 153 1294 cxx.
165 1245 354 1316 processimus.
390 1245 434 1298 lbi
451 1247 555 1299 retenti
571 1247 661 1300 ventis
673 1263 767 1300 sumus
778 1262 866 1314 usque
878 1262 900 1298 a.
914 1246 942 1300 d.

92 1331 130 1370 rx.
149 1317 294 1375 Kalendas.
332 1319 445 1374 Interea
462 1321 510 1389 qui
527 1322 626 1390 cupide
643 1322 758 1390 proiecti
773 1324 844 1388 sunt,
863 1321 943 1375 multi

91 1393 233 1461 naufragia
245 1395 375 1449 fecerunt.
411 1397 437 1449 N
439 1413 469 1449 es
477 1413 509 1450 eo
522 1397 567 1451 die
579 1398 686 1452 caenati
700 1397 852 1453 solvimus:
872 1397 943 1450 lude

92 1475 185 1524 austro
199 1471 345 1539 leuissimo,
360 1473 435 1527 caele
450 1489 556 1540 sereno,
571 1476 652 1528 nocte
666 1473 713 1528 illa
729 1477 759 1528 et
771 1473 817 1528 die
833 1477 944 1542 postero

91 1546 120 1599 in
131 1548 240 1602 ltaliam
248 1548 284 1602 ad
294 1549 470 1617 Hydruntem
479 1549 624 1603 ludibundi
634 1550 822 1619 pervenimus:
835 1549 943 1602 eedem-

92 1639 146 1690 que
158 1627 240 1677 vento
258 1623 399 1692 postridie,
412 1625 442 1678 id
454 1629 516 1678 erat
527 1642 550 1680 a.
565 1625 650 1679 d.v11.
665 1625 782 1679 Kalend
797 1624 943 1678 Decembr.

92 1697 159 1752 liora
177 1703 276 1773 quarta
293 1700 471 1754 Brundisium
486 1701 622 1766 venimus;
647 1702 800 1770 eodemque
816 1704 943 1768 tempore

92 1775 172 1829 simul
196 1775 336 1829 nobiseum
354 1777 381 1828 in
400 1777 530 1845 oppidum
554 1777 661 1831 introiit
679 1775 808 1830 Terentia
825 1792 895 1844 quae
913 1779 943 1829 te

91 1851 158 1905 facit
177 1851 294 1919 plurimi.
332 1852 366 1905 A.
388 1851 415 1905 d.
430 1869 455 1905 v.
473 1852 593 1906 Kalend.
619 1851 761 1906 Decembr.
781 1867 875 1904 servus
894 1850 942 1904 Cn.

93 1926 197 1980 Plancii
214 1925 355 1980 Brundisii
367 1927 481 1981 tandem
494 1927 640 1996 aliquando
652 1928 718 1980 mihi
730 1945 747 1982 a
758 1930 788 1981 te
800 1929 943 1996 exspecta·
968 1921 974 1931 ’

92 2001 213 2056 tissimus
228 2002 324 2055 literas
339 2002 469 2071 reddidit,
484 2004 564 2057 datas
582 2003 679 2057 Idibus
698 2004 723 2056 N
726 2002 854 2070 evembr,
872 2019 944 2071 quae

93 2095 137 2132 me
146 2078 271 2133 molestia
279 2079 358 2132 valde
370 2079 501 2134 levarunt.
527 2079 640 2134 Utinam
653 2080 762 2132 omnine
771 2078 942 2143 liberassent

93 2153 149 2208 Sed
161 2157 253 2208 tamen
267 2155 384 2223 Asclapo
396 2155 519 2209 medicus
531 2155 612 2223 plane
628 2155 770 2208 coufirmat
782 2152 942 2222 propediem

93 2234 122 2284 to
134 2231 269 2284 valentem
283 2231 348 2284 fore.
387 2231 412 2283 N
414 2247 466 2284 unc
479 2230 547 2299 q'uid
565 2247 615 2298 ego
632 2233 661 2283 te
676 2230 772 2282 horter
789 2232 821 2281 ut
832 2244 944 2292 ,omnem

93 2306 263 2372 diligentiam
279 2304 412 2358 adhibeas
427 2305 464 2358 ad
483 2305 743 2359 convalescenduml
778 2303 864 2356 Tuam
882 2320 945 2371 pru-

93 2382 223 2444 dentiam,
238 2381 457 2449 temperantiam,
473 2397 593 2434 amorem
612 2397 678 2448 erga
694 2395 738 2432 me
752 2379 830 2433 novi:
848 2379 903 2433 seio
915 2384 944 2434 te

93 2457 184 2510 omnia
202 2457 339 2510 iacturum
356 2459 388 2509 ut
407 2456 548 2510 nobiseum
568 2473 649 2525 quam
668 2456 786 2524 primum
805 2456 851 2510 sis.
888 2455 945 2510 Sed

93 2538 185 2588 tamen
209 2534 249 2588 ita
267 2532 349 2586 velim
373 2537 405 2586 ut
428 2549 463 2587 ne
486 2532 554 2601 quid
577 2548 715 2601 properes.
752 2531 944 2601 Symphoniam

94 2610 206 2678 Lysonis
218 2609 315 2663 vellem
328 2610 450 2677 vitasses,
463 2626 498 2663 ne
512 2609 541 2662 in
555 2613 682 2678 quartam
695 2608 874 2664 hebdomada
881 2608 945 2662 inei-

93 2687 181 2742 dares.
219 2686 274 2741 Sed
286 2686 414 2755 quoniam
427 2686 526 2756 pudori
539 2689 587 2739 tuo
599 2685 720 2740 maluisti
732 2685 847 2754 obsequi
862 2701 944 2751 quam

93 2763 250 2829 valetudini,
269 2762 375 2830 reliqua
392 2780 464 2816 cura
501 2762 584 2817 Curio
601 2762 664 2816 misi
681 2764 714 2816 ut
733 2762 839 2816 medico
857 2760 944 2813 hones

93 2840 249 2903 haberetur,
271 2842 300 2893 et
324 2839 376 2892 tibi
400 2838 482 2892 daret
509 2838 585 2907 quod
615 2854 683 2907 opus
710 2840 798 2891 esset:
827 2851 872 2888 me
901 2836 944 2888 eui

88 2915 219 2984 ,iussisset
236 2918 402 2969 curaturum.
439 2915 548 2984 Equum
565 2918 595 2968 et
612 2915 715 2967 mulum
734 2910 875 2965 Brundisii
892 2911 945 2964 tibi

94 2992 200 3061 reliqui.
234 2992 339 3045 Romae
351 3007 446 3045 vereor
458 3007 494 3045 ne
506 3007 544 3045 ex
553 2990 622 3044 Ka.
634 2983 971 3050 saumagsxmmsxs

89 3068 152 3121 sint.
187 3067 248 3121 Nos
263 3085 380 3138 agemus
394 3069 493 3126 omitia
507 3067 634 3124 modice.
666 3060 838 3140 'melianum
850 3045 1004 3152 cauas&

78 3141 134 3196 lree
150 3159 250 3212 rogem
272 3151 301 3202 et
322 3165 342 3204 a
361 3151 393 3205 te
413 3136 722 3223 petamnetemere
736 3139 876 3189 navias*-
907 3115 958 3162 aa
