2084 3404
153 89 157 94 ’
223 122 313 171 caro
331 123 463 173 aaaron.
499 123 577 172 aar.
595 123 691 173 xxn.
710 124 823 175 xxm.
912 124 947 181 'az

36 212 41 223 ·
105 203 167 270 sint,
197 220 281 272 quum
311 220 341 257 se
368 204 448 272 plane
471 203 598 272 ,corporis
620 204 734 258 vinculis
757 206 948 263 relaxaverint.
981 268 983 272 ,

105 278 203 346 Quare,
222 280 245 333 si
262 280 329 333 haec
345 279 386 333 ita
401 282 472 346 sunt,
490 279 528 333 sic
545 297 590 332 me
602 281 712 334 colitote
726 283 865 353 utdoum.
901 285 948 339 Sin

103 371 158 408 una
180 358 224 408 est
246 355 416 408 interiturus
432 356 537 409 animus
560 373 623 409 cum
646 374 764 426 corpore,
786 377 834 413 vos
856 365 949 418 tamen

104 429 170 484 deos
184 435 319 506 verentes,
333 431 380 498 qui
388 431 458 484 hanc
472 448 580 485 omnem
592 432 825 500 pulchritudinem
836 439 950 490 tuentur

103 509 132 559 ot
156 510 263 574 regrmt,
287 507 445 560 memoriam
468 508 556 561 nostri
579 509 625 577 pie
651 509 836 580 inviolateque
860 528 950 566 serva

103 580 190 635 bitis.''

155 657 269 712 XXIII.
305 663 345 712 82.
364 659 451 728 Cyrus
467 659 579 728 quidem
595 661 662 716 haec
681 663 806 717 moriens.
842 664 908 733 Nos,
927 665 949 724 si

103 733 310 800 placetsnostra
330 734 493 788 rideamus>
513 735 601 789 Nemo
619 754 738 806 unquam
756 739 830 804 mihi,
852 740 949 808 Scipio,

102 809 279 875 persuadebit
298 813 346 863 aut
364 814 472 878 patrem
492 815 569 864 tuum
586 811 717 876 Paullum,
736 818 785 867 aut
801 815 870 868 duos
885 832 949 870 avos

103 883 227 947 Paullum
235 888 264 948 et
272 885 438 954 Africanum,
448 886 747 955 autAfricanipatrcm,
756 892 805 943 aut
813 894 949 958 patruum,

101 963 149 1013 aut
160 961 268 1022 multos
286 965 458 1028 praestantes
476 962 549 1015 viros
568 979 636 1030 qnos
655 980 815 1019 enumerare
833 983 887 1019 non
906 969 948 1021 est

101 1051 219 1104 necesse,
231 1039 310 1090 tanta
327 1054 387 1092 esse
405 1042 516 1092 conatos
534 1055 604 1107 quae
619 1039 655 1092 ad
667 1041 836 1108 posteritatis
848 1058 947 1096 memo·

46 1125 47 1130 ¹
102 1110 171 1163 riam
182 1113 362 1180 pertinerent,
379 1114 432 1165 nisi
448 1114 538 1166 animo
550 1118 693 1175 cernerent
705 1117 896 1182 posteritatem
912 1117 948 1172 ad

103 1201 132 1238 se
151 1188 300 1254 pertinere.
332 1190 378 1241 An
399 1204 500 1254 censes,
518 1191 549 1241 ut
565 1188 601 1241 de
612 1205 657 1242 me
675 1189 734 1257 ipso
753 1190 857 1258 aliquid
873 1208 948 1246 moro

102 1277 196 1314 senum
208 1262 317 1330 glorier,
335 1279 380 1316 me
397 1266 489 1316 tantos
503 1262 610 1316 labores
623 1262 735 1318 diurnos
746 1267 948 1334 nocturnosque

102 1335 175 1389 domi
189 1338 358 1407 miIItiaeque
375 1342 565 1406 suscepturum
582 1338 674 1407 fuisse,
693 1339 716 1392 si
733 1340 831 1394 iisdem
849 1341 947 1396 finibus

100 1412 214 1479 gloriam
243 1430 330 1468 meam
365 1414 464 1482 quibus
493 1414 578 1467 vitam
610 1431 698 1469 essem
732 1413 947 1472 terminaturusl

100 1487 197 1542 Nonne
209 1490 306 1553 melius
317 1491 404 1544 multo
415 1490 513 1544 fuisset
524 1491 639 1544 otiosam
652 1495 814 1546 aetatem'et
826 1492 947 1559 quietam

100 1564 158 1617 sine
174 1566 230 1618 ullo
247 1566 340 1620 labore
358 1570 387 1620 et
405 1565 579 1620 contentione
591 1567 752 1622 traduceret
789 1567 845 1621 Sed
856 1569 947 1624 nescio

25 1651 27 1653 '
100 1641 235 1707 quomodo
258 1644 363 1695 animus
387 1643 494 1710 erigens
518 1659 547 1696 se
566 1643 755 1711 posterItatem
778 1643 818 1697 ita
839 1660 947 1712 semper

99 1717 281 1784 prospiciebat
293 1719 371 1787 quasi
383 1735 467 1786 quum
479 1720 642 1772 excessisset
655 1735 670 1772 e
682 1719 810 1772 vitatum
823 1719 946 1788 denique
986 1730 989 1734 ’

37 1844 45 1856 ,
99 1791 219 1845 victurus
232 1798 310 1847 esset.
325 1843 327 1848 ,
347 1794 426 1857 Quod
438 1794 549 1860 quidem
561 1795 589 1847 ni
601 1795 642 1848 ita
654 1810 683 1847 se
693 1794 809 1847 haberet
819 1797 851 1846 ut
862 1795 946 1848 animi

98 1866 265 1922 immortales
274 1874 372 1936 essent,
380 1870 454 1923 haud
463 1871 560 1938 optimi
569 1869 702 1938 cuiusque
710 1870 816 1922 animus
828 1870 946 1923 maximo

99 1939 135 1995 ad
153 1942 385 1999 immortafitatem
406 1945 509 2012 gloriae
530 1945 672 2000 niteretur.
708 1950 750 1999 83.
770 1944 850 2010 Quid,
870 1944 944 2013 quod

79 2084 82 2090 .
98 2019 311 2086 sapientissirnus
323 2022 438 2090 quisque
456 2021 619 2090 aequissimo
636 2021 726 2074 animo
742 2021 864 2083 moritur,
878 2020 945 2074 stul-

98 2095 218 2149 tissimus
239 2097 437 2165 iniquissimol·
461 2096 558 2149 Nonne
577 2096 654 2150 vobis
673 2096 783 2150 videtur
799 2095 904 2149 animus
921 2097 945 2150 is

99 2171 145 2237 qui
161 2172 222 2239 plus
238 2177 333 2225 cernat
351 2176 380 2226 et
398 2172 504 2240 longius
522 2171 616 2225 videre
635 2188 664 2224 se
681 2170 718 2223 ad
736 2170 848 2222 meliora
863 2170 945 2236 profi-

99 2245 175 2308 cisci;
196 2246 241 2298 ille
261 2249 353 2302 autem
372 2247 450 2313 cujus
470 2246 593 2299 obtusior
612 2246 651 2298 sit
668 2245 740 2298 acies
758 2260 812 2296 non
831 2244 944 2301 videret

99 2318 233 2386 Equidem
257 2321 355 2374 efferor
378 2319 470 2374 studio
493 2323 586 2388 patres
608 2322 714 2372 vestros
736 2335 804 2387 quos
826 2318 895 2372 colui
916 2325 944 2374 et

99 2393 182 2447 dilexi
202 2395 327 2459 videndi;
344 2410 433 2463 neque
453 2410 518 2447 vcro
539 2410 585 2448 eos
604 2394 690 2447 solum
711 2394 856 2447 convenire
877 2411 944 2449 aveo

98 2485 167 2538 quos
186 2470 245 2538 ipse
263 2470 382 2537 cognovi,
402 2468 452 2523 sed
469 2469 529 2522 illos
547 2470 630 2523 etiam
642 2469 678 2524 de
690 2469 789 2538 quibus
805 2469 897 2523 auditi
915 2475 945 2526 et

97 2544 151 2613 legi
164 2551 192 2599 et
203 2546 263 2613 ipso
274 2545 427 2614 conscripsi
448 2543 452 2551 '
465 2544 525 2609 Quo
543 2545 653 2615 quidem
671 2562 715 2600 me
726 2545 944 2615 proficiscentem

97 2615 172 2674 haud
183 2638 248 2676 sane
260 2621 322 2690 quis
331 2621 409 2676 facile
421 2622 575 2688 retraxerit,
587 2638 675 2690 neque
687 2625 826 2690 tamqnam
841 2623 945 2677 Peliam

98 2699 240 2751 recoxcrit.
276 2697 356 2762 Quod
374 2697 397 2750 si
416 2697 478 2766 quIs
493 2697 561 2750 deus
576 2697 642 2749 mihi
654 2697 787 2766 largiatur
798 2701 830 2752 ut
843 2715 877 2752 ex
893 2698 944 2753 hac

98 2777 189 2827 aetate
200 2789 389 2842 repuerascam
407 2777 437 2826 et
451 2773 480 2826 in
498 2773 573 2826 aunis
585 2773 698 2841 regiam,
713 2774 792 2826 valde
804 2789 928 2827 recusem
936 2795 944 2840 ;

98 2865 147 2902 nec
159 2866 223 2902 vero
234 2849 315 2902 velim
327 2851 405 2918 quasi
424 2848 538 2902 decurso
555 2849 643 2916 spatio
660 2849 695 2901 ad
707 2864 829 2901 carceres
842 2865 858 2900 a
871 2849 952 2904 calcs-
969 2898 973 2941 1

98 2924 224 2977 revocari.
259 2929 302 2978 84.
328 2924 400 2988 Quid
421 2925 493 2977 enim
516 2924 600 2976 habet
622 2925 686 2976 ulta
699 2923 859 2974 comnxsd'xt
881 2923 961 2981 opta

98 2995 150 3051 non
170 2999 264 3068 potius
288 2997 406 3056 leborisl
452 3000 514 3056 teu
531 3000 644 3053 nutent
665 3011 754 3048 snus.
773 2992 879 3040 *meoet
898 2987 1012 3084 25³5&

90 3077 183 3128 tamen
207 3080 258 3132 aut
282 3079 452 3136 satietatem
474 3081 530 3134 aut
551 3075 688 3130 modum.
717 3066 799 3146 moa
812 3057 912 3128 ml
928 3057 1012 3152 ᾖς

80 3147 152 3203 man
176 3150 335 3224 deplorare
361 3159 466 3230 usam,
492 3154 581 3230 quoa
604 3144 701 3204 mus
722 3141 762 3192 et
779 3149 810 3186 a
830 3124 923 3174 irs*
943 3128 965 3155 ᾗ
