2084 3404
311 372 363 465 iM·
382 381 513 436 ronan
533 359 746 456 oronaoursi

127 529 302 664 tronus
324 557 413 628 siva
435 556 488 628 ou
510 550 697 628 Anionis
717 511 924 628 sinuosos

424 757 638 768 -.-—--—

111 943 113 946 .
161 890 184 943 I.
221 896 242 944 1.
280 889 310 954 Q.
323 889 430 944 Mucius
444 907 532 959 augur
546 889 633 943 multa
647 901 758 941 narrare
767 885 803 938 de
816 884 845 938 O.
859 883 952 937 Laelio

108 982 201 1019 socero
220 982 268 1019 suo
287 966 446 1019 memoriter
462 970 491 1019 et
502 962 744 1032 jucundesolebat
761 969 810 1014 neo
826 959 953 1012 dubitare

107 1041 185 1092 illum
196 1041 308 1094 inomni
322 1048 445 1094 sermono
457 1040 593 1108 appellare
605 1038 696 1106 sapien
755 1076 761 1089 .
776 1105 778 1111 ¹
791 1037 848 1104 Ego
861 1041 953 1090 autem

108 1131 125 1166 a
141 1119 220 1182 patre
234 1116 274 1168 ita
292 1129 366 1167 eram
379 1116 514 1168 deductus
530 1114 566 1167 ad
583 1114 666 1167 Scaev
694 1129 737 1164 am
756 1117 864 1180 sumpta
881 1113 953 1165 virili

107 1194 180 1259 toga,
192 1194 223 1243 ut
235 1190 326 1258 quoad
338 1206 444 1258 possein
458 1195 487 1243 ot
499 1190 593 1242 liceret
605 1206 621 1240 a
634 1188 705 1240 senis
717 1188 804 1242 latere
815 1206 953 1256 nunquam

108 1265 285 1319 discederem.
323 1266 422 1333 Itaque
439 1264 576 1318 multaab
593 1283 626 1318 eo
642 1263 794 1334 prudenter
805 1266 952 1334 disputata,

108 1342 206 1395 multa
218 1341 299 1395 etiam
324 1341 443 1395 breviter
453 1345 481 1394 et
494 1341 634 1394 commode
645 1342 718 1394 dicta
727 1343 872 1396 memoriae
881 1360 954 1396 man-

108 1417 213 1481 dabam,
226 1418 340 1487 fierique
355 1417 500 1472 studebam
514 1418 574 1485 ejus
586 1418 733 1488 prudentia
745 1419 857 1474 doctior.
893 1420 953 1485 Quo

107 1497 215 1548 mortuo
226 1511 270 1547 me
279 1494 315 1546 ad
327 1494 485 1563 pontificem
495 1494 650 1548 Scaevolam
660 1496 770 1551 contuli.
779 1513 860 1565 quem
869 1514 952 1550 unum

107 1574 216 1624 nostrae
227 1570 346 1624 civitatis
358 1575 387 1625 et
400 1571 509 1640 ingenio
526 1576 555 1626 et
566 1572 677 1639 justitia
690 1573 953 1642 praestantissimum

108 1647 195 1700 audeo
210 1646 307 1701 dicere.
345 1647 401 1701 Sed
417 1648 453 1702 de
468 1648 519 1703 hoc
536 1648 613 1702 alias:
632 1665 702 1702 nuno
718 1649 801 1702 redeo
817 1649 854 1701 ad
869 1666 954 1716 augu-

108 1739 173 1776 rem.
205 1727 227 1775 2.
248 1723 337 1786 Quum
350 1741 431 1793 saepe
443 1723 537 1794 multt,
551 1727 610 1776 tum
622 1723 733 1776 memini
746 1723 819 1777 domi
831 1725 859 1776 in
871 1724 954 1777 hemi-

109 1799 190 1865 oyolio
208 1798 357 1866 sedentem,
373 1804 405 1853 ut
419 1800 532 1868 solebat,
545 1816 628 1868 quum
644 1803 673 1853 et
688 1816 739 1867 ego
755 1816 842 1853 essem
856 1816 911 1852 una
924 1805 954 1853 ot

108 1874 187 1942 pauci
203 1874 350 1929 admodum
367 1875 523 1941 familiares,
536 1876 564 1929 in
581 1892 642 1929 eum
659 1892 811 1929 sermonem
827 1875 903 1928 illum
916 1875 954 1928 in-

108 1950 199 2004 cidere
215 1951 261 2019 qui
279 1954 339 2004 tum
356 1950 413 2004 fere
429 1951 577 2020 [omnibus]
594 1955 653 2006 erat
669 1953 697 2004 in
713 1969 767 2006 oro.
803 1952 953 2005 Meministi

108 2027 180 2080 enim
191 2027 320 2094 proiecto,
334 2027 435 2092 Attice,
447 2031 477 2080 et
489 2044 522 2081 eo
533 2028 620 2095 magis
632 2027 705 2095 quod
720 2027 751 2081 P.
765 2028 882 2096 Sulpicio
896 2032 954 2081 uto-

107 2101 173 2156 bare
191 2103 313 2168 multum,
331 2119 416 2171 quum
434 2103 458 2155 is
478 2103 606 2156 tribunus
625 2102 712 2172 plebis
732 2103 840 2170 capitali
860 2102 922 2155 odio
938 2119 955 2156 a

108 2179 139 2242 Q.
161 2178 290 2247 Pompeio
311 2179 358 2246 qui
379 2181 440 2232 tum
463 2183 523 2232 erat
547 2179 640 2232 consul
663 2177 818 2245 dissideret,
839 2193 954 2246 quocum

107 2252 326 2321 conjunctissime
352 2259 380 2308 et
407 2255 591 2307 amantissime
615 2255 729 2317 vixerat,
755 2256 857 2322 quanta
882 2257 955 2306 osset

107 2329 246 2382 hominum
266 2329 308 2383 vel
334 2329 478 2383 admiratio
499 2329 541 2381 vel
564 2328 682 2397 querela
726 2335 749 2383 3.
776 2329 874 2396 Itaque
895 2334 954 2382 tum

108 2404 243 2472 Scaevola,
256 2422 340 2474 quum
354 2405 382 2459 in
396 2421 455 2458 eam
468 2405 556 2473 ipsam
570 2404 735 2458 mentionem
750 2404 897 2470 incidisset,
910 2422 954 2458 ex-

107 2480 199 2549 posuit
216 2481 294 2536 nobis
313 2498 465 2535 sermonem
486 2481 572 2535 Laelii
591 2479 627 2533 de
645 2482 764 2535 amicitia
779 2480 903 2535 habitum
919 2485 954 2536 ab

107 2558 153 2610 illo
170 2575 261 2612 secum
273 2562 302 2613 et
314 2575 375 2613 oum
392 2557 478 2612 altero
493 2574 594 2626 genero
608 2557 636 2611 0.
650 2557 754 2613 Fannio
769 2559 807 2611 M.
820 2559 849 2612 F.
862 2561 954 2628 paucis

108 2634 204 2688 diebus
222 2639 417 2703 postmortem
436 2635 565 2690 Africani.
604 2633 671 2703 Ejus
688 2636 880 2704 disputationis
897 2653 958 2706 son-¹

107 2712 208 2765 tentiae
222 2714 368 2766 momoriae
383 2712 519 2776 mandavi,
533 2729 601 2780 quas
616 2713 667 2767 hoo
678 2712 748 2766 libro
760 2713 873 2781 exposui
886 2712 956 2764 arbi-

107 2790 184 2844 tratu
200 2805 275 2852 mom
299 2790 376 2857 quasi
392 2789 463 2842 onim
481 2789 553 2857 ipsos
570 2788 665 2842 induxi
682 2789 831 2856 loquentes,
848 2803 883 2839 ne
903 2788 956 2839 ‘in-

108 2864 198 2931 quam’
212 2870 241 2917 ot
253 2865 365 2932 ‘inquit’
380 2865 488 2933 saepius
505 2865 737 2933 interponeretur,
745 2867 833 2926 atque
842 2866 967 2911 uttam

107 2955 188 3006 quam
211 2955 228 2992 a
250 2940 443 3008 praesentibus
467 2959 564 2997 eoram
581 2940 692 2995 nauem
712 2949 811 3012 sama
829 2920 984 3008 §ww

102 3013 191 3075 Quum
210 3016 285 3071 enim
302 3035 389 3088 saepe
403 3037 521 3076 meeum
536 3032 643 3088 ageres
653 3015 696 3064 ut
706 3011 747 3060 uo
760 2999 900 3083 amxsxaxa
911 2982 984 3033 aa&

92 3101 154 3144 rom
169 3089 290 3164 aliquid,
312 3097 405 3171 digua
423 3099 502 3158 mihi
524 3113 577 3154 res
594 3103 699 3163 quum
717 3081 861 3135 amm
877 3073 915 3111 Ψ
